5132 6412
665 908 714 985 22
1272 908 1577 986 CHRONICON

666 1165 905 1242 Eversumum
929 1175 1132 1262 venerunt,
1159 1177 1199 1244 et
1214 1191 1263 1247 xc
1280 1163 1415 1245 solidos
1433 1187 1524 1268 quas
1543 1160 1812 1265 expenderant,
1839 1159 2050 1253 solverunt,
2070 1155 2185 1252 1589,

665 1291 796 1369 dantes
821 1290 979 1370 subinde
1005 1296 1204 1372 conventui
1228 1296 1357 1373 vinum
1381 1291 1635 1371 recreationis.

710 1420 755 1496 D.
788 1420 1007 1521 prepositus
1035 1431 1163 1498 noster
1191 1435 1420 1502 memoratur
1444 1421 1654 1500 interfuisse
1681 1418 1943 1498 Elsendammii
1973 1416 2187 1518 weteringis

665 1560 701 1625 et
731 1560 859 1650 postea
887 1550 1026 1628 ibidem
1052 1553 1241 1649 convivio,
1275 1552 1322 1630 l8
1347 1550 1462 1656 junii,
1489 1550 1646 1628 euml).
1674 1547 1873 1624 Francisco
1901 1557 1939 1624 et
1964 1543 2120 1622 Hustino
2142 1543 2190 1619 de

665 1677 933 1755 Haveskercke.
971 1679 1081 1756 Anno
1122 1681 1236 1776 1595,
1276 1680 1337 1758 die
1371 1704 1476 1760 xxvrr
1509 1677 1672 1780 augusti,
1707 1676 1777 1753 lirit
1811 1675 1954 1753 illuvies
1992 1698 2186 1775 aquarum.

664 1804 853 1909 Philippus
883 1808 1056 1910 princeps
1090 1822 1217 1887 noster
1248 1810 1344 1888 vidit
1372 1818 1410 1885 et
1437 1803 1657 1911 approbavit
1686 1803 1827 1880 litteras
1856 1801 2011 1880 Roberti
2044 1799 2188 1878 comitis

665 1932 920 2028 Flandrensis,
948 1959 1074 2012 mense
1100 1935 1342 2039 septembris,
1368 1935 1519 2033 lnsulis,
1546 1936 1678 2014 eodem
1703 1956 1817 2010 anno.

712 2063 757 2137 D.
786 2061 1006 2162 praepositus
1035 2074 1163 2140 noster
1183 2065 1333 2143 videtur
1359 2065 1492 2144 obiisse
1522 2091 1620 2144 anno
1646 2065 1754 2143 1591.
1786 2062 1958 2140 Instituta
1987 2059 2031 2137 lis
2056 2071 2189 2138 contra

662 2188 856 2266 Dunenses
882 2214 952 2290 pro
979 2187 1080 2267 dono
1105 2191 1294 2294 sylvarum
1319 2204 1391 2270 ete.

711 2315 844 2418 Magna
873 2315 1009 2393 iterum
1037 2343 1218 2421 aquarum
1247 2320 1467 2400 inundantia
1495 2322 1536 2400 in
1560 2323 1653 2426 julio
1684 2333 1722 2399 et
1750 2330 1906 2424 augusto
1934 2343 2019 2396 eum
2052 2319 2188 2396 damno

661 2444 929 2523 Brukerorum.
960 2447 1099 2524 Eodem
1131 2448 1203 2525 lata
1233 2461 1289 2526 est
1313 2450 1446 2529 lusulae
1475 2451 1657 2529 sententia
1686 2449 1845 2551 desuper
1874 2470 2091 2549 processum
2116 2446 2189 2524 litis

662 2571 844 2649 internos
861 2583 898 2649 et
922 2575 1130 2670 burenses,
1149 2587 1187 2651 et
1203 2577 1401 2658 cecidimus
1422 2603 1544 2656 causa.
1564 2580 1730 2683 Dignitas
1746 2602 1862 2681 porro
1885 2589 1924 2653 et
1940 2577 2062 2679 portio
2079 2576 2188 2654 buius

660 2700 814 2776 dominii
839 2701 947 2778 nobis
968 2703 1166 2779 innotescit
1188 2729 1235 2780 ex
1260 2707 1391 2783 eadem
1417 2709 1619 2799 sententia,
1645 2706 1710 2785 ubi
1734 2706 1787 2782 sic
1812 2705 1911 2781 inter
1935 2703 2006 2780 alia
2031 2703 2183 2780 dieitur:

705 2876 832 2966 Iceuls
853 2877 1094 2956 demuudcurs
1118 2878 1249 2956 soloiut
1268 2882 1371 2957 avoir
1393 2899 1451 2960 111⁰
1471 2905 1631 2958 mesures
1655 2880 1696 2956 de
1720 2879 1911 2981 beritciqes
1930 2921 1981 2938 -
2002 2879 2068 2978 qui
2088 2879 2190 2955 estoit

662 3019 769 3086 teuuz
792 3007 914 3085 d’eulu
929 3052 979 3066 -
996 3018 1031 3085 et
1043 3008 1169 3087 ouoim
1187 3019 1280 3088 toute
1300 3013 1425 3090 iustire
1446 3021 1482 3087 et
1497 3011 1655 3112 ripuaria
1680 3008 1722 3084 de
1745 3009 1898 3084 obsonio
1922 3015 1955 3082 et
1976 3003 2188 3082 eudcssoubs

662 3146 697 3212 et
720 3161 834 3238 uussq
861 3135 989 3240 luilly,
1014 3147 1196 3240 serqcuut,
1224 3138 1399 3234 menes,
1423 3139 1619 3238 ecclesius,
1637 3142 1746 3241 juqes
1767 3145 1801 3212 et
1819 3143 1943 3212 autres
1964 3133 2113 3236 effictus
2139 3180 2188 3194 -

660 3265 832 3342 resemble
859 3277 965 3343 toutte
991 3268 1104 3346 droits
1130 3267 1172 3345 cle
1194 3271 1306 3346 entire
1329 3295 1458 3372 ysseus
1481 3277 1617 3359 oenus,
1642 3267 1761 3367 reliefs
1786 3272 1819 3339 el
1842 3271 1965 3338 autres
1987 3262 2118 3354 droils,
2138 3305 2187 3318 —

661 3402 696 3468 et
713 3402 800 3470 ceste
829 3403 939 3471 terres
959 3399 1094 3474 teuoiut
1112 3424 1213 3500 pour
1237 3396 1311 3474 lors
1332 3398 1381 3474 58
1405 3424 1454 3475 ou
1475 3397 1524 3475 11)
1538 3421 1737 3501 persenties
1762 3389 1979 3470 iusticiobles
2000 3401 2036 3467 et
2055 3391 2189 3468 subiato

660 3527 684 3597 d
718 3522 755 3599 le
784 3521 842 3624 loy
874 3523 1005 3601 rl'icelle
1039 3525 1144 3629 eqlise
1178 3527 1392 3604 d'b'uersem
1424 3525 1586 3632 loquellas
1619 3523 1839 3601 desseruoiut
1868 3521 1966 3597 leurs
2000 3529 2190 3596 tenemento

643 3653 848 3754 ¹iuqoiutd
873 3653 952 3730 leur
977 3663 1080 3730 court
1104 3651 1235 3731 ‹l’ieelle
1260 3656 1366 3758 eqlise
1392 3656 1623 3749 d’lloersem,
1648 3665 1682 3732 et
1700 3653 1840 3731 lesdites
1866 3661 1946 3728 ceut
1968 3677 2126 3727 mesures
2147 3649 2188 3726 de

662 3791 772 3857 terres
801 3783 930 3860 estoint
960 3781 997 3860 lo
1027 3783 1154 3860 terete
1178 3792 1310 3888 purtqe
1342 3809 1391 3862 ou
1419 3785 1568 3860 euoirou
1595 3783 1657 3860 des
1690 3781 1881 3883 berituiqes
1909 3805 1977 3856 sur
2009 3777 2189 3880 lesquelles

661 3908 698 3984 lu
727 3908 796 3984 dite
825 3911 929 4011 eqtise
963 3909 1176 3986 d'b'uersom
1205 3911 1302 3988 uvoil
1331 3921 1400 3988 este
1425 3909 1550 4013 foede
1580 3920 1613 3987 el
1639 3911 1789 3988 antaee
1822 3908 2004 4008 lesquelles
2032 3917 2097 3983 out
2122 3917 2190 3983 este

656 4063 775 4142 poqez
799 4048 833 4115 et
854 4065 905 4116 uu
925 4049 994 4116 este
1017 4038 1145 4144 depuis
1169 4065 1195 4118 u
1216 4065 1285 4116 aus
1310 4063 1398 4136 coqu
1421 4067 1503 4143 quoe
1528 4039 1645 4117 ieeulr
1660 4035 1900 4114 demaudeurs
1917 4045 1981 4112 out
1994 4038 2124 4137 refuse.
2140 4080 2191 4094 -

660 4167 698 4243 A
720 4165 815 4260 bile,
843 4166 874 4242 le
899 4191 954 4244 uu
979 4165 1020 4242 de
1045 4166 1249 4259 reovembre,
1279 4193 1319 4244 u.
1345 4193 1424 4248 ccc.
1449 4193 1549 4246 xcvi.

710 4376 781 4452 Ubi
802 4403 903 4454 nunc
926 4387 983 4454 est
1004 4375 1074 4453 ista
1091 4376 1317 4454 iurisdictio?
1339 4377 1499 4455 fallimur
1517 4380 1548 4456 si
1567 4391 1738 4481 putemus
1761 4401 1841 4455 esse
1865 4374 2078 4478 Dispezele‚
2102 4397 2189 4448 nam
2248 4407 2254 4418 ·

662 4527 815 4605 prorsus
842 4505 990 4582 diversa
1016 4516 1090 4600 est3
1116 4517 1153 4582 et
1176 4503 1255 4584 boec
1278 4507 1326 4583 de
1352 4507 1546 4608 Diepezele
1572 4519 1717 4586 tantum
1739 4508 1788 4583 ad
1809 4531 1877 4583 nos
1902 4504 2081 4605 pertinuit
2103 4511 2188 4604 post

661 4642 809 4710 centum
834 4632 969 4710 adhinc
993 4658 1124 4730 annos,
1150 4645 1192 4710 ut
1208 4634 1403 4713 constabit.
1422 4637 1477 4712 Ex
1500 4635 1570 4712 illis
1594 4635 1719 4714 verbis
1739 4634 1839 4711 clare
1860 4631 2066 4735 colligimus
2091 4628 2189 4706 bane

661 4757 771 4838 luisse
793 4759 1031 4837 donationem
1052 4760 1205 4839 liuberti
1223 4765 1366 4841 comitis
1387 4765 1626 4843 Flandrensis
1647 4765 1695 4842 de
1715 4761 1991 4842 Goudenoverd
2013 4769 2051 4838 et
2073 4758 2186 4835 Trist.

712 4890 823 4967 1597.
855 4892 983 4968 Nonus
1015 4893 1235 4994 praepositus
1264 4894 1539 4971 Eversamensis
1569 4951 1713 4972 .....
1746 4893 1902 4969 interest
1929 4914 2013 4968 cum
2046 4889 2189 4968 esteris

662 5016 839 5098 membris
862 5018 1089 5123 wateringiae
1114 5021 1272 5124 negotiis
1296 5020 1452 5100 diversis
1476 5021 1566 5099 loeis
1591 5035 1630 5102 et
1653 5019 1897 5126 temporibus.
