5088 6418
946 868 1369 951 EVERSHAMENSE.
1877 878 1926 954 hh

444 1117 554 1197 1117.
586 1121 632 1198 D.
658 1119 818 1201 lacobus
847 1120 1114 1228 dchiontigny
1140 1135 1336 1231 utsupra,
1365 1130 1468 1208 Com.
1498 1155 1573 1208 van
1600 1132 1770 1227 Eumne,
1801 1133 1847 1208 D.
1877 1132 1925 1208 de

392 1246 542 1344 Altera,
574 1249 621 1328 D.
653 1249 700 1327 de
730 1249 942 1354 Montigoy,
968 1248 1017 1331 de
1044 1253 1309 1354 Dosterwand,
1336 1256 1385 1336 de
1414 1259 1704 1362 Cranendoncq,
1735 1261 1924 1338 transtulit

392 1378 589 1456 donarium
606 1404 712 1456 suum
730 1403 843 1483 super
864 1393 1126 1476 memoratum,
1147 1383 1309 1462 ecclesiae
1331 1387 1588 1466 Eversamensi
1610 1413 1703 1468 xvm
1720 1388 1746 1466 l.
1771 1388 1921 1492 parisis,

392 1508 597 1586 Flandricee
614 1521 792 1606 monetae,
815 1510 1019 1590 mnuatim.
1039 1509 1218 1588 -Dedit
1234 1513 1333 1592 idem
1358 1515 1530 1593 dominus
1556 1515 1677 1593 adhuc
1694 1516 1766 1592 1111
1784 1527 1921 1592 nostrae

392 1634 567 1714 ecclesiae.
1973 1633 1977 1640 ’

439 1763 573 1866 Magna
601 1763 669 1840 iuit
697 1787 877 1866 aquarum
902 1763 1053 1842 alluvies
1078 1767 1117 1843 in
1146 1768 1335 1869 Flammis,
1365 1775 1514 1876 pluente
1540 1773 1689 1851 circiter
1715 1798 1755 1850 vr
1781 1772 1841 1851 vel
1866 1797 1920 1849 vu

391 1887 643 1968 hebdomadas
667 1890 848 1994 integras,
876 1890 914 1967 in
941 1889 1094 1993 hyeme,
1122 1894 1254 1972 eodem
1279 1924 1392 1976 anno.

440 2019 647 2098 vicariatus
667 2018 890 2098 Morincnsis
906 2019 1169 2123 praedictorum
1190 2023 1368 2104 festorum
1385 2024 1652 2103 institutionem
1669 2021 1916 2120 confirmavit,

392 2148 501 2226 1268.

436 2275 617 2353 Dominus
650 2277 869 2379 praepositus
902 2286 1029 2355 noster
1062 2277 1195 2353 Petrus
1223 2303 1297 2358 van
1330 2281 1404 2360 den
1438 2283 1607 2362 Broucke
1642 2309 1663 2359 e
1696 2283 1773 2361 vita
1807 2280 1913 2358 abiit:

388 2427 507 2482 annus
532 2405 707 2483 nescitur.
730 2409 845 2485 Datus
867 2405 1088 2511 prepositus
1113 2406 1449 2488 commendatarius
1474 2411 1646 2488 Ferricus
1671 2410 1720 2485 de
1744 2407 1917 2486 Cluniaco

388 2532 551 2611 ecclesiae
569 2537 844 2631 Euersamensi3
865 2536 948 2640 lege
968 2558 1068 2614 anno
1091 2533 1201 2611 1195.
1221 2535 1435 2613 Petentibus
1460 2535 1597 2612 nostris
1618 2559 1686 2636 per
1706 2542 1916 2634 requestam

387 2665 448 2753 (ut
469 2659 690 2764 loquuntur)
712 2689 788 2766 quo
813 2663 883 2742 sihi
905 2663 1033 2741 liceret
1056 2683 1227 2738 coemere
1254 2686 1345 2738 arva
1364 2672 1551 2738 terrarum
1578 2659 1707 2754 ahohi,
1735 2659 1917 2736 concessit

386 2787 561 2891 princeps
585 2790 633 2867 ad
657 2790 822 2869 valorem
847 2789 919 2868 100
943 2788 1007 2867 lib.
1036 2785 1170 2890 parisis
1199 2811 1350 2886 annuae,
1381 2813 1480 2866 anno
1511 2814 1551 2865 u.
1581 2805 1783 2882 11110nx1x,
1812 2787 1915 2862 Gan-

385 2914 485 2992 davi.
512 2961 562 2978 -
591 2919 702 2997 Cuius
727 2919 859 2997 litteris
892 2915 1074 3022 expeditis
1107 2912 1294 2990 dederunt
1326 2915 1444 2990 nostri
1479 2914 1527 2991 ad
1555 2924 1720 2991 taxatum
1751 2914 1913 2990 Camerae

384 3044 535 3142 Insulae,
563 3058 650 3125 ante
675 3049 835 3144 Pascha,
863 3065 906 3127 11⁰
930 3047 995 3126 lib.
1023 3041 1169 3150 parisis.
1197 3053 1356 3119 monetae
1383 3040 1602 3118 Flandricae.
1632 3040 1743 3117 1170.

433 3167 535 3245 Obiit
560 3169 707 3249 divinus
734 3180 841 3274 pater
868 3172 914 3247 D.
946 3169 1108 3248 Thomas
1133 3195 1155 3248 a
1183 3171 1335 3273 Kcmpis
1363 3167 1656 3271 nonagenarius,
1683 3178 1792 3244 autor
1818 3166 1913 3244 liber

385 3292 433 3372 dc
454 3297 676 3374 imitatione.
928 3289 933 3298 ’
1621 3365 1626 3374 .

432 3419 542 3497 1171.
577 3421 757 3501 Dominus
789 3422 981 3503 Balthazar
1013 3449 1088 3504 van
1120 3426 1169 3502 de
1202 3425 1310 3503 Poeie
1343 3422 1518 3502 successit
1550 3423 1590 3498 in
1626 3420 1910 3524 praeposituram

381 3549 704 3648 Euersamcnsem3
735 3552 795 3631 hic
814 3580 837 3631 a
857 3557 902 3635 D.
932 3556 1092 3658 Georgia
1118 3558 1229 3661 Regis
1258 3555 1419 3635 obtinuit
1447 3562 1677 3656 pastoratum
1706 3550 1754 3628 de
1784 3550 1910 3650 Hoog·

379 3678 504 3777 stade,
532 3683 663 3760 eodem
688 3684 850 3788 Georgia
870 3686 1040 3788 'ejusdem
1066 3687 1224 3790 parociae
1246 3694 1374 3762 curato
1397 3682 1436 3758 in
1459 3681 1562 3758 curia
1588 3682 1634 3756 R.
1660 3687 1905 3781 procurante:

377 3827 488 3903 quem
518 3805 669 3906 quidem
701 3807 863 3886 ecclesiae
892 3811 1149 3891 Eversamensi
1179 3808 1433 3913 incorporavit
1466 3808 1513 3886 D.
1547 3805 1663 3883 abhas
1696 3805 1735 3882 S.
1767 3802 1908 3881 Nicolai

375 3929 597 4028 furnensis,
635 3933 741 4035 jussu
777 3938 911 4016 summi
948 3937 1134 4043 pontificis
1169 3942 1216 4017 D.
1251 3937 1344 4016 Sinti
1376 3936 1447 4030 tv,
1483 3958 1583 4011 anno
1619 3932 1737 4028 1171,
1775 3931 1816 4007 in
1851 3930 1908 4008 ic-

377 4050 543 4131 bruerio.

424 4178 590 4282 itemque
624 4195 832 4285 pastoratus
869 4192 1030 4271 ecclesiae
1067 4205 1204 4274 nostrae
1238 4196 1498 4296 incorporatus
1532 4201 1573 4268 ut
1610 4214 1745 4290 supra,
1780 4187 1841 4265 die
1880 4188 1904 4261 5

375 4309 518 4405 martii,
545 4313 696 4390 nomine
717 4315 855 4394 scilicet
876 4322 992 4400 sancti
1015 4324 1196 4419 Richarii,
1225 4320 1295 4399 suh
1323 4318 1455 4397 eodem
1481 4315 1590 4394 bullae
1611 4326 1756 4392 tenore.
1784 4318 1903 4391 Porro

373 4434 421 4510 de
448 4434 505 4511 his
531 4440 779 4538 pastoratihus
808 4454 846 4521 et
873 4446 921 4524 de
948 4448 1073 4527 Oeren
1098 4448 1168 4527 sub
1192 4447 1298 4525 titulo
1328 4444 1454 4523 altaris
1485 4442 1575 4545 quid
1602 4439 1710 4519 nohis
1740 4439 1900 4518 debeant

373 4588 496 4641 annue
523 4565 688 4645 invenies
712 4571 751 4646 in
776 4572 880 4650 Rolla
907 4585 1035 4653 nostra
1057 4576 1105 4654 de
1127 4576 1227 4653 arvis
1253 4568 1423 4649 ethonis
1449 4566 1677 4646 monasterii.

422 4692 531 4770 1171.
552 4696 779 4777 Amortizata
798 4697 898 4778 hona
918 4700 1247 4780 ecclesiasticorum
1274 4724 1342 4801 per
1368 4696 1580 4776 Flandriam
1604 4719 1690 4772 cum
1717 4689 1900 4771 solutione

370 4819 606 4900 sannorum
637 4840 885 4927 proventuum
916 4857 963 4908 ex
992 4832 1137 4912 iisdem.
1168 4831 1282 4913 Nobis
1312 4854 1427 4933 porro
1457 4827 1586 4906 datum
1615 4835 1822 4902 extractum
1853 4847 1899 4899 cx

368 4943 520 5023 Camere
549 4951 681 5030 lnsulae
706 4979 819 5058 super
841 4958 1078 5039 concessione
1104 4961 1293 5065 princepis
1319 4956 1418 5060 quod
1443 4951 1766 5113 possemuspnohis
1791 4950 1899 5052 aqui·
