5088 6418
640 926 687 1002 aa
1126 1024 1131 1032 Ι
1244 918 1562 998 1111111111.

693 1182 846 1286 Eodem.
879 1183 1047 1261 Gandavi
1072 1182 1166 1258 lacta
1191 1177 1456 1256 convocatione
1482 1173 1570 1250 cleri
1597 1183 1634 1249 et
1659 1168 1784 1273 populi
1808 1168 1992 1245 Flandriae
2022 1167 2169 1244 videtur

644 1313 743 1389 inter
771 1311 842 1388 alia
871 1323 1067 1408 statutum,
1104 1323 1146 1389 ut
1176 1331 1304 1386 omnes
1338 1331 1405 1382 soa
1439 1314 1616 1406 argentea
1648 1298 1851 1379 artificialia
1881 1297 2096 1375 conferrent
2121 1294 2169 1370 ad

642 1440 837 1541 deputatos
867 1451 982 1518 status
1013 1439 1129 1542 Belgii
1163 1437 1267 1540 quasi
1299 1445 1479 1540 praetextu
1505 1434 1637 1512 mutui.
1671 1435 1838 1533 Itemque
1869 1429 1964 1505 lacta
1994 1421 2167 1528 pacifica·

642 1566 753 1644 tionis
781 1566 1035 1644 Gandavensis
1060 1563 1294 1643 confirmatio
1320 1590 1405 1642 oum
1426 1564 1650 1666 juramento.

694 1696 804 1773 1577.
827 1694 1007 1772 Dominus
1033 1692 1252 1798 praepositus
1274 1692 1405 1772 dolens
1430 1692 1558 1770 scribit
1589 1691 1734 1768 cuidam
1760 1689 1807 1764 de
1832 1683 2043 1762 auferendis
2071 1682 2168 1760 vasis

643 1825 757 1901 sacris
787 1823 978 1900 destinatis
1012 1823 1187 1901 ecclesiae.
1217 1824 1273 1900 Ex
1300 1823 1370 1900 bac
1399 1836 1438 1901 et
1466 1823 1545 1901 aliis
1574 1822 1686 1899 rebus
1716 1819 1846 1922 incipit
1875 1826 1911 1894 et
1940 1812 2168 1892 recrudescit

642 1952 773 2029 seditio
804 1952 842 2028 in
871 1951 1014 2054 Belgio,
1046 1976 1132 2028 nam
1162 1952 1226 2029 ubi
1258 1963 1377 2029 totum
1406 1953 1635 2032 emulserunt
1660 1963 1749 2029 tunc
1779 1950 1848 2024 faex
1874 1945 2001 2049 populi
2026 1942 2168 2044 reliqua

642 2081 831 2184 deglutiet:
858 2082 911 2158 sio
934 2108 980 2159 ex
1003 2081 1107 2160 chro.
1133 2083 1291 2161 vestitur
1313 2081 1436 2161 fiscus.

694 2209 804 2287 1577.
833 2210 986 2287 Tradita
1013 2210 1126 2313 igitur
1152 2223 1239 2289 sunt
1267 2225 1443 2314 argentea
1468 2236 1574 2306 vasa,
1605 2207 1812 2302 thuribula,
1844 2202 2067 2316 candelabra
2096 2212 2166 2277 etc.

643 2336 785 2442 Templi
819 2338 1004 2435 clenodia,
1043 2340 1177 2416 deinde
1214 2352 1252 2416 et
1286 2367 1421 2418 mensae
1451 2346 1609 2444 (praeter
1642 2338 1751 2416 aliam
1783 2359 1963 2414 summam
1993 2329 2171 2434 pecunia-

641 2469 772 2568 riam):
807 2468 982 2570 quaestori
1015 2469 1336 2547 Vnam-Ambncti
1371 2471 1458 2549 tud.
1488 2470 1714 2550 Weehsteen
1747 2492 1838 2545 vere
1870 2462 2041 2541 dolenter
2078 2459 2170 2536 dixit

643 2598 844 2675 modernus
883 2598 1118 2701 praepositus:
1160 2597 1233 2674 iam
1272 2599 1381 2677 video
1423 2612 1617 2703 argentum
1662 2609 1830 2675 nostrum
1867 2620 1957 2671 vere
1994 2590 2090 2668 verti
2133 2589 2171 2662 in

644 2725 817 2804 scoriam.

692 2855 845 2932 Eodem.
881 2856 1017 2958 Ingens
1048 2855 1182 2933 iterum
1212 2856 1259 2932 ab
1296 2856 1488 2934 hominum
1518 2855 1695 2932 memoria
1730 2879 1800 2930 nec
1833 2852 1911 2929 visa
1946 2873 2015 2925 nec
2047 2844 2171 2922 audita

645 3010 824 3086 aquarum
849 2983 1014 3063 alluvies.
1043 2988 1182 3062 Iterum
1209 2985 1350 3063 solutus
1376 3015 1402 3064 x
1427 3010 1614 3064 nummus.

694 3112 1038 3191 Reverendissimus
1065 3113 1236 3190 dominos
1265 3115 1512 3193 visitationem
1544 3141 1612 3217 per
1642 3137 1743 3190 suam
1776 3110 1869 3184 diac.
1903 3130 2032 3208 agens,
2060 3103 2170 3180 etiam

646 3246 887 3321 Eversamum
917 3243 1020 3319 venit
1051 3255 1089 3320 et
1120 3244 1288 3346 quaedam
1322 3245 1458 3322 format
1493 3257 1530 3323 et
1564 3243 1741 3319 reformat
1772 3237 1960 3342 praemisso
1990 3257 2056 3310 suo
2090 3230 2172 3307 offi-

648 3372 747 3466 ciali3
780 3373 846 3449 sed
876 3397 1045 3474 quaenam
1076 3373 1285 3474 hujusmodi
1316 3374 1407 3470 sint,
1443 3374 1669 3477 ignoramus
2047 3442 2050 3448 .

695 3502 849 3579 Eodem.
873 3503 920 3580 D.
940 3502 1159 3606 praepositus
1180 3503 1228 3580 de
1254 3506 1328 3580 Loo
1345 3529 1453 3580 eausa
1472 3501 1615 3579 cecidit.
1636 3498 1839 3601 Praeposito
1862 3505 1989 3571 nostro
2014 3491 2172 3567 mittitur

649 3630 803 3733 epistola
830 3633 973 3707 Erasmi
1002 3657 1071 3708 ms.
1104 3658 1126 3708 a
1155 3606 1268 3710 Paulo
1299 3634 1460 3711 Steelant
1491 3632 1692 3709 Gandensi.
1721 3628 1863 3704 Indicto
1889 3621 2057 3700 Gandavi
2083 3618 2172 3695 cleri

649 3770 835 3838 conventu
876 3771 1003 3837 noster
1046 3763 1264 3862 praepositus
1309 3764 1419 3840 etiam
1463 3775 1613 3838 vocatus
1651 3784 1727 3836 non
1771 3754 1937 3832 interluit
1980 3760 2173 3828 excusatus

650 3890 768 3987 (bono
803 3889 946 3988 omine)
971 3890 1103 3966 morbo
1133 3916 1199 3968 suo
1229 3893 1449 3994 podagrico;
1478 3892 1516 3967 in
1547 3917 1591 3968 eo
1620 3885 1951 3966 reverendissimus
1980 3889 2107 3956 noster
2137 3887 2174 3951 et

651 4015 712 4093 alii
736 4016 913 4118 primates
939 4019 1036 4121 capti
1062 4021 1225 4097 fuerunt.

701 4146 852 4223 Eodem.
891 4147 987 4248 lpris
1016 4149 1190 4250 deinceps
1224 4148 1327 4251 quasi
1361 4150 1544 4246 securim,
1580 4160 1746 4226 moratur
1781 4141 1999 4248 praepositus
2029 4147 2174 4228 noster;

651 4275 762 4352 rediit
783 4287 908 4353 tamen
935 4278 972 4353 in
999 4277 1200 4355 decembri.

694 4407 802 4483 11178.
830 4406 956 4483 Paullo
977 4420 1062 4508 post
1087 4409 1209 4486 denuo
1231 4411 1355 4510 lpram
1379 4411 1445 4487 ivit
1469 4409 1571 4512 quasi
1599 4407 1649 4484 ibi
1675 4432 1697 4482 a
1718 4417 1818 4482 metu
1840 4401 2109 4503 respiraturus;
2135 4404 2172 4470 at

653 4537 738 4638 lpra
757 4547 863 4636 capta
880 4561 902 4612 a
919 4537 1224 4616 Gandavensibus
1242 4540 1279 4616 in
1293 4540 1400 4641 julio,
1420 4551 1547 4642 captus
1568 4549 1625 4615 est
1644 4561 1687 4614 ao
1709 4537 1747 4612 in
1765 4534 1859 4612 urbe
1876 4533 2065 4624 detentus,
2090 4551 2172 4603 cum

652 4665 805 4741 licencia
832 4675 957 4742 tamen
987 4667 1143 4745 subinde
1172 4669 1396 4746 excurrendi
1426 4669 1473 4746 ad
1503 4693 1604 4745 suos:
1638 4677 1676 4742 et
1704 4665 1807 4742 venit
1835 4663 1873 4737 in
1908 4660 1990 4736 dec.
2019 4668 2057 4734 et
2085 4665 2174 4730 tune

654 4793 810 4895 dispersi
844 4795 1005 4898 religiosi
1045 4796 1260 4894 abiverant,
1301 4799 1395 4875 sieut
1438 4800 1588 4900 quidam
1625 4796 1785 4898 scripsit.
1821 4837 1870 4850 -
1903 4793 1978 4868 Nos
2016 4786 2174 4891 patriam

653 4923 812 5026 sugimus
837 4934 906 5000 eto.
926 4925 1103 5003 -1578,
1131 4928 1285 5004 Interim
1307 4929 1482 5005 Eversam
1506 4924 1736 5004 inhabitabat
1760 4922 1915 5000 ballivus
1941 4931 2082 5014 noster,
2108 4913 2172 4992 sed

654 5052 926 5156 diripiebantur
948 5053 1085 5131 omnia.
