5132 6412
958 924 1374 1002 EVERSHAMENSE.
1882 930 1926 1003 11

455 1181 564 1258 1090.
589 1180 857 1259 111331113311333
879 1184 1053 1287 princeps
1077 1182 1268 1279 Albertus,
1288 1183 1485 1260 contractis
1509 1183 1647 1284 nuptiis
1665 1209 1749 1261 cum
1775 1183 1929 1261 isabella

406 1306 459 1384 Cl.
479 1311 570 1412 Eug.
592 1311 775 1412 Hispaniae
792 1311 949 1409 infante,
974 1311 1017 1388 111
1035 1313 1202 1390 30331313
1218 1312 1451 1407 auctoritate,
1471 1313 1645 1415 princeps
1662 1312 1791 1414 Belgii,
1819 1325 1928 1390 antea

405 1448 549 1514 tantum
574 1438 803 1540 gubernator
828 1452 928 1537 erat,
957 1453 995 1518 31
1019 1441 1197 1543 praeclara
1222 1441 1441 1518 exhibuerat
1469 1442 1632 1518 facinora
1655 1441 1819 1517 Caletum
1845 1443 1929 1519 ino-

405 1567 552 1668 pinato,
580 1566 766 1666 Hulstum,
795 1568 1018 1648 Ambianum
1045 1583 1115 1648 etc.
1145 1571 1430 1674 intercipiendo.

456 1697 564 1774 1000.
591 1699 738 1775 Auditae
763 1699 1012 1801 depositiones
1036 1713 1074 1776 et
1099 1699 1376 1777 informationes
1403 1699 1642 1802 superstitum
1669 1697 1927 1801 religiosorum

405 1837 619 1904 nostrorum
648 1828 696 1904 de
729 1827 949 1907 alienatione
978 1831 1073 1932 juris
1103 1841 1321 1932 patronatus
1355 1826 1516 1905 ecclesiae
1550 1826 1598 1903 dc
1631 1826 1852 1924 Fromelles,
1889 1830 1927 1904 in

405 1955 538 2056 quibus
559 1981 687 2034 omncs
708 1961 837 2058 (erant
862 1970 984 2036 autem
1006 1961 1052 2037 D.
1079 1961 1241 2036 loannes
1264 1960 1420 2035 Humact
1443 1958 1622 2052 decanus,
1649 1956 1696 2031 D.
1722 1954 1927 2032 Ludovicus

406 2081 579 2185 Ryfflart,
602 2087 647 2161 D.
675 2087 772 2162 Max.
799 2088 950 2163 blattart
977 2098 1015 2164 et
1039 2089 1085 2164 D.
1113 2090 1245 2165 Petrus
1272 2085 1402 2182 Colve)
1427 2085 1551 2162 testati
1575 2095 1662 2161 sunt
1681 2083 1782 2185 quod
1806 2083 1926 2162 dictus

404 2213 622 2314 praepositus
639 2213 840 2291 loannesa
866 2217 939 2292 Loo
957 2215 1037 2292 sine
1054 2241 1181 2312 eausa,
1201 2227 1239 2292 et
1255 2241 1437 2292 consensu
1460 2213 1627 2315 capituli,
1647 2211 1785 2288 dictam
1800 2237 1928 2288 curam

402 2338 450 2415 de
490 2340 691 2418 Fromelles
728 2342 934 2420 donaverat
969 2346 1281 2422 reverendissimo
1320 2345 1494 2447 episcopo
1533 2340 1803 2421 Attrebatensi:
1841 2368 1925 2417 cum

402 2479 526 2544 essent
541 2467 702 2572 religiosi
720 2470 766 2547 ad
783 2484 1012 2573 pastoratum
1029 2473 1170 2570 idonci,
1191 2487 1232 2551 ut
1254 2485 1341 2577 pote
1359 2473 1483 2576 lingua
1501 2485 1539 2551 et
1556 2473 1705 2550 natione
1723 2471 1924 2546 Artcsiani.

452 2596 560 2674 1001.
601 2601 748 2677 Μ31133
783 2626 860 2678 333
892 2601 1082 2705 alteroque
1122 2604 1296 2706 episeopo
1336 2603 1586 2680 Attrebatcnsi
1626 2598 1748 2678 nullus
1785 2599 1821 2675 in
1863 2598 1925 2676 lite

403 2749 597 2826 processus
624 2729 784 2810 habitus.

453 2854 560 2936 1000.
582 2858 729 2934 11131133
750 2861 923 2963 episcopo
946 2862 1091 2963 lprensi
1110 2865 1238 2958 Petro,
1260 2859 1413 2938 Carolus
1431 2859 1594 2938 succedit
1610 2859 1650 2935 in
1668 2859 1789 2960 junio,
1813 2857 1923 2936 l607.
2056 2871 2058 2876 ·

452 2981 562 3058 1007.
588 2985 634 3061 D.
662 2985 804 3064 Caralia
830 2990 988 3066 nuncius
1014 2991 1235 3092 apostolicus
1261 2992 1301 3068 in
1327 2991 1453 3093 Belgio
1480 2989 1649 3066 concedit
1675 2986 1923 3089 indulgentias

402 3113 609 3211 orantibus,
634 3117 894 3216 paenitentibus
915 3145 958 3195 ac
983 3120 1029 3198 V.
1051 3121 1329 3199 Sacramentum
1357 3119 1585 3198 sumentibus
1606 3118 1655 3194 ad
1676 3117 1785 3217 imag.
1814 3117 1919 3219 Deip.

400 3239 447 3316 V.
476 3240 756 3342 Aspricollensis
783 3247 821 3322 in
847 3247 979 3324 sacello
1005 3261 1133 3324 nostro
1159 3250 1377 3324 existentem
1403 3247 1535 3350 refugii
1563 3245 1670 3347 lpris.

451 3369 560 3448 1008.
580 3374 716 3450 1113113
734 3374 781 3450 dc
797 3376 932 3453 vestitu
950 3376 1063 3452 trium
1080 3378 1390 3454 monasteriorum
1408 3401 1490 3453 ean.
1507 3401 1586 3478 reg.
1603 3371 1919 3468 Formosellensis,

399 3496 548 3574 Loe'nsis
571 3513 609 3577 et
632 3504 906 3581 Euersamensis
935 3504 1130 3582 difficultas
1157 3519 1231 3601 cst,
1256 3507 1444 3583 nitebatur
1470 3508 1515 3582 D.
1544 3504 1739 3607 episcopus
1767 3501 1920 3579 Carolus

400 3636 436 3700 et
469 3639 552 3726 post
584 3655 669 3706 eum
703 3655 892 3709 successor
934 3634 978 3710 D.
1014 3633 1177 3710 loannes
1211 3636 1328 3712 dictos
1366 3634 1563 3712 canonicos
1597 3657 1731 3735 cogere
1770 3642 1812 3707 ut
1844 3641 1921 3708 tam

398 3767 502 3832 extra
519 3783 630 3859 quam
648 3759 746 3836 intra
762 3760 951 3858 clostrum,
971 3763 1010 3838 in
1027 3762 1119 3838 albis
1136 3764 1369 3858 incederent,
1388 3764 1442 3840 uti
1459 3763 1598 3841 1331331
1613 3761 1675 3840 3111
1695 3786 1743 3837 ex
1760 3760 1920 3863 capitulo

397 3885 568 3964 Windes.
601 3890 667 3966 sed
691 3891 791 3993 quod
821 3893 1136 3989 contradicerent,
1165 3891 1333 3970 nonnulli
1363 3892 1477 3995 capti,
1502 3892 1563 3969 alii
1591 3890 1915 3971 excommunicati:

396 4013 461 4090 sed
486 4015 592 4094 brevi
618 4019 789 4099 absoluti.

443 4145 562 4221 Paetis
594 4173 678 4224 cum
708 4148 890 4227 hollandis
922 4151 1079 4227 induciis
1108 4151 1239 4229 eodem
1269 4175 1368 4229 3333
1400 4147 1609 4226 reedificari
1639 4158 1788 4248 ceptum
1821 4146 1919 4224 clos·
1978 4223 1988 4232 ,

394 4281 494 4348 trum
531 4275 822 4354 Evershamense
858 4283 965 4379 (nam
999 4280 1176 4356 hactenus
1214 4281 1308 4382 lpris
1342 4279 1381 4353 in
1419 4277 1563 4378 refugio
1602 4275 1838 4372 habitabant)
1881 4287 1918 4351 et

393 4401 555 4500 primum
580 4402 740 4505 lapidem
767 4408 889 4507 posuit
918 4408 1106 4486 Arnoldus
1134 4406 1290 4484 ballivus
1312 4417 1452 4501 noster,
1478 4405 1628 4482 nomine
1655 4403 1795 4480 domini
1818 4429 1917 4506 prae-

393 4531 520 4631 positi,
548 4558 586 4609 v1
612 4535 796 4631 octobris,
826 4561 925 4613 anno
955 4563 995 4615 3.
1023 4564 1084 4617 nc.
1114 4565 1165 4615 rx.

441 4659 550 4737 1011.
582 4661 748 4738 Tandem
777 4674 855 4740 tota
885 4663 1077 4743 difficultas
1109 4667 1252 4767 sopitur
1281 4666 1386 4767 jussu
1420 4663 1654 4740 illustrissimi
1687 4663 1735 4739 D.
1767 4661 1914 4738 archie-

391 4787 531 4891 piscopi
552 4791 823 4870 Mechliniensis
840 4794 886 4870 de
910 4796 1111 4874 mutatione
1128 4794 1274 4872 habitus
1297 4794 1433 4888 nostri,
1457 4805 1499 4870 ut
1520 4793 1716 4896 episeopus
1738 4792 1916 4868 nimirum

390 4918 515 4995 omnia
539 4921 635 4998 sinat
663 4922 701 4998 in
731 4936 841 5002 statu.
872 4925 917 5000 lit
943 4924 1079 5001 lactum
1105 4936 1160 5001 est
1187 4925 1237 5001 ita
1263 4947 1381 5026 usquc
1408 4948 1522 4999 nunc.

818 5080 956 5132 ronrrrn
980 5060 1094 5132 DrUlll
1119 5061 1154 5138 lu
1180 5061 1325 5129 Consors
1352 5057 1492 5130 Vesano.
1653 5141 1673 5201 ⁰
