5132 6412
951 807 1371 886 EVERSHAMENSE.
1874 811 1923 888 49

404 1059 621 1162 Nieportum
638 1085 722 1139 cum
740 1063 929 1165 capellano
950 1087 1037 1160 suo,
1056 1064 1216 1142 officium
1236 1064 1389 1160 ibidem,
1409 1065 1489 1144 loco
1507 1069 1553 1144 D.
1569 1066 1712 1144 abbatis
1730 1069 1769 1144 S.
1785 1067 1923 1146 Nicolai

404 1187 658 1267 celebraturus
690 1192 731 1267 in
762 1193 1015 1270 anniversario
1046 1195 1304 1294 processionis.
1325 1195 1518 1273 Vivarium
1549 1221 1679 1274 versus
1713 1199 1922 1300 aquilonem

403 1317 557 1419 purgari
586 1330 762 1421 caeptum3
797 1321 898 1423 quod
928 1331 1029 1397 certe
1059 1331 1100 1396 ut
1129 1333 1167 1398 et
1195 1322 1275 1399 aliae
1305 1325 1473 1427 piscina,
1507 1351 1697 1428 nunquam
1727 1327 1924 1406 videbatur

404 1441 513 1522 tuisse
539 1459 749 1548 purgatum.

454 1572 563 1654 1627.
592 1576 802 1655 Convocato
830 1561 954 1681 lpram
984 1581 1085 1655 omni
1112 1580 1211 1659 clero
1240 1582 1308 1658 ivit
1338 1596 1375 1660 et
1403 1595 1530 1660 noster
1556 1585 1603 1660 D.
1635 1585 1855 1687 praepositus
1886 1598 1924 1662 et

404 1702 514 1804 paulo
542 1715 627 1807 post
655 1707 804 1786 rediens
832 1708 984 1786 domum
1012 1709 1059 1785 ad
1092 1736 1243 1813 precem
1274 1712 1466 1814 principis,
1501 1713 1645 1789 curavit
1677 1715 1717 1789 in
1750 1714 1923 1790 serarium

405 1830 569 1908 eiusdem
594 1851 659 1912 nrm
688 1835 851 1914 llorenos
875 1838 979 1938 cujus
1003 1862 1155 1914 summae
1182 1864 1291 1917 causa
1320 1852 1515 1918 oneratum
1540 1853 1596 1918 est
1620 1841 1796 1918 clostrum
1821 1853 1923 1918 certo

404 1983 641 2040 nummorum
670 1965 792 2043 reditu
821 1990 960 2044 annuo.

450 2091 604 2170 Eodem.
624 2095 721 2170 Dum
737 2096 961 2172 caementarii
987 2095 1095 2174 altius
1120 2097 1265 2176 fodiunt
1286 2099 1386 2175 muri
1414 2098 1653 2175 construendi
1671 2121 1797 2194 causa,
1817 2098 1925 2174 inve-

404 2217 512 2296 niunt
534 2232 572 2297 et
592 2223 691 2299 inter
711 2249 752 2302 se
772 2223 980 2302 dividentes
1005 2225 1216 2330 clepserunt
1237 2225 1499 2329 supellectilem
1517 2224 1731 2303 culinariam
1756 2222 1923 2317 orbium,

408 2358 628 2449 patenarum
657 2363 695 2428 et
723 2351 908 2430 similium.
939 2353 1015 2430 Sed
1043 2365 1171 2456 postea
1200 2380 1261 2433 res
1291 2355 1463 2431 innotuit.

454 2479 606 2558 Eodem.
627 2479 742 2557 bitem
760 2480 869 2559 nobis
891 2481 1133 2561 intenderunt
1153 2483 1385 2560 Stavclenses
1401 2505 1472 2583 pro
1490 2477 1763 2556 contributione
1780 2479 1923 2580 jurium

405 2607 452 2684 de
476 2609 680 2709 pecudibus
702 2610 840 2688 nostris
865 2621 936 2688 etc.
965 2611 1032 2688 sed
1056 2609 1262 2714 sumptibus
1284 2610 1424 2714 fatigati
1449 2610 1682 2687 destiterunt.
1709 2610 1755 2685 D.
1776 2633 1925 2710 praepo-

405 2735 495 2813 situs
528 2750 656 2815 noster
694 2740 869 2818 invitatus
901 2741 1027 2843 lpram
1060 2738 1109 2817 ad
1141 2740 1353 2817 convivium
1386 2738 1674 2816 consecrationis
1702 2738 1749 2816 D.
1781 2736 1924 2814 abbatis

406 2865 444 2941 S.
472 2866 643 2963 loannis,
670 2869 717 2945 D.
742 2867 929 2947 Valentini
953 2869 1086 2965 bertii,
1111 2869 1178 2946 ivit
1200 2893 1285 2946 cum
1308 2867 1510 2970 capellano.

456 2994 565 3072 1628.
602 2995 723 3075 Faber
756 3009 884 3075 noster
917 2996 1094 3100 lignarius
1129 2996 1178 3074 ad
1212 2994 1353 3098 sylvam
1388 2981 1476 3090 ivit,
1512 3006 1551 3071 ct
1582 2994 1682 3098 ligna
1720 2993 1845 3089 evelli,
1881 3018 1925 3070 ac

405 3121 558 3202 formari
582 3126 691 3227 jussit
720 3125 858 3229 templo
887 3135 1037 3220 nostr03
1066 3126 1130 3202 sed
1160 3128 1199 3202 in
1224 3126 1329 3228 aquis
1355 3136 1506 3202 manent
1534 3125 1584 3201 ob
1612 3135 1783 3225 tempora
1812 3121 1921 3198 mala.

452 3255 605 3333 Eodem.
633 3257 854 3334 Concessum
886 3253 1138 3357 capitulariter
1170 3266 1212 3331 ut
1239 3253 1348 3331 lieret
1375 3254 1612 3331 commutatio
1633 3256 1808 3352 (vocatur
1840 3274 1922 3324 oer-

407 3380 601 3485 lopyoplre)
626 3386 650 3461 5
672 3383 732 3461 vel
756 3385 783 3460 4
806 3395 989 3462 metarum
1016 3408 1192 3487 agrorum
1216 3410 1301 3460 cum
1327 3382 1535 3461 Christiano
1560 3383 1607 3459 de
1633 3380 1812 3457 Backere.

453 3511 606 3588 Eodem.
628 3513 686 3590 Ob
702 3513 941 3592 vehementes
952 3509 1099 3590 nimbos
1115 3512 1152 3588 in
1170 3513 1267 3591 maio
1280 3512 1374 3589 lacta
1390 3509 1525 3588 alluvio
1541 3534 1737 3612 aquarum,
1756 3507 1924 3609 quamvis

404 3638 568 3741 graviter
591 3640 779 3717 vernaculi
804 3641 923 3716 nostri
947 3663 1012 3716 sex
1039 3665 1107 3741 per
1132 3641 1158 3715 4
1182 3653 1309 3719 noctes
1335 3641 1487 3744 diesque
1513 3640 1741 3719 obstitissent
1766 3636 1924 3715 diversi·

405 3768 532 3861 mode3
559 3769 721 3870 pecudes
746 3780 883 3846 nostrae
905 3768 955 3845 ad
978 3767 1111 3845 altiora
1132 3794 1223 3846 arva
1247 3769 1416 3846 deductae
1441 3781 1539 3845 sunt.

453 3893 607 3972 Eodem.
632 3895 798 3973 Perfecta
824 3920 921 3994 nova
947 3895 1085 3990 culina;
1112 3897 1271 3998 tjunii,
1301 3898 1471 3976 culinarii
1493 3899 1591 3976 servi
1617 3922 1699 3975 eam
1721 3897 1920 3972 intrarunt.

453 4025 605 4103 Eodem.
633 4027 705 4102 lvit
733 4027 778 4106 D.
811 4025 1029 4128 praepositus
1059 4035 1185 4102 noster
1214 4026 1443 4128 Neoportum
1471 4025 1601 4102 eudem
1635 4024 1683 4101 de
1712 4048 1821 4101 causa
1850 4046 1923 4126 qua

404 4177 530 4255 super.

457 4282 610 4358 Eodem.
631 4284 753 4359 Nostri
779 4281 877 4359 servi
904 4283 1085 4384 piscantes
1111 4285 1150 4360 in
1178 4287 1278 4360 lsarn
1304 4307 1435 4360 versus
1459 4279 1687 4358 occidentem
1716 4288 1754 4354 et
1782 4276 1926 4378 aquilo-

409 4439 514 4509 nem,
550 4413 622 4489 reti
652 4437 719 4489 suo
754 4413 851 4488 inter
883 4411 972 4486 alios
1005 4411 1141 4513 pisces,
1173 4412 1433 4489 concluserunt
1461 4408 1662 4484 salmonem
1690 4404 1847 4506 amplius
1884 4427 1925 4479 ιιι

409 4541 547 4643 pedum
585 4541 755 4643 longum,
794 4565 844 4617 xv
878 4551 915 4614 et
952 4537 1107 4642 amplius
1139 4540 1285 4643 pondo,
1325 4540 1542 4617 aestimatum
1577 4563 1602 4612 x
1635 4534 1685 4612 lib
1723 4532 1923 4628 Flandriae‚

412 4671 516 4748 mirae
544 4672 732 4750 suavitatis
758 4671 797 4748 in
822 4681 943 4773 gustu.

479 4935 584 5004 Diam
610 4938 708 5006 srbll
734 4939 766 5005 ls
789 4937 999 5006 servantum
1024 4934 1060 5004 ln
1084 4953 1159 5002 onsn
1182 4933 1325 5003 aerrnr
1349 4933 1436 5002 lsmr
1461 4933 1497 5000 lu
1519 4925 1850 5076 srvrnsrra7tot11.
