5132 6412
676 911 723 986 ts
1281 911 1604 989 CHRONICON.

727 1164 835 1241 1651.
863 1165 964 1241 Prid.
994 1167 1033 1243 S.
1062 1167 1242 1243 Anthonii
1267 1165 1354 1247 abb.
1383 1169 1422 1244 in
1443 1171 1631 1271 januario,
1655 1182 1839 1250 venerunt
1862 1170 1934 1250 buc
1958 1195 2043 1248 cum
2072 1170 2203 1249 litteris

675 1291 742 1366 Bm*
763 1293 808 1366 D.
839 1291 1022 1393 episcopi,
1051 1294 1096 1368 D.
1123 1291 1404 1372 archidiaconus
1426 1296 1588 1374 officialis
1614 1311 1653 1377 et
1677 1300 1768 1377 alius
1793 1301 1992 1378 canonicus
2014 1300 2197 1403 lprensis,

674 1435 712 1501 et
736 1434 886 1525 postera
907 1423 968 1500 die
994 1421 1126 1525 singuli
1153 1423 1338 1519 audimur,
1367 1436 1521 1526 excepto
1537 1425 1689 1502 domino
1707 1436 1856 1526 pastore
1873 1427 1912 1502 S.
1933 1424 2109 1521 Richarii,
2136 1426 2200 1526 qui

532 1554 534 1558 ’
673 1552 852 1630 maleficio
885 1566 922 1630 et
952 1555 1171 1656 aegritudine
1200 1555 1308 1655 caepit
1338 1553 1503 1629 infestari
1536 1578 1620 1628 cum
1654 1551 1785 1628 ancilla
1816 1577 1882 1628 sua
1915 1564 1952 1628 et
1986 1551 2097 1627 domo
2131 1577 2200 1653 per

670 1694 789 1758 totum
806 1707 959 1758 aunum.
979 1681 1195 1758 Cubiculum
1212 1681 1251 1755 in
1268 1679 1487 1756 dormitorio
1504 1705 1589 1755 cum
1606 1679 1750 1756 camino
1764 1690 1917 1779 paratur
1936 1678 1974 1752 iu
1992 1677 2191 1754 februario:

671 1806 934 1908 aegrotantibus
956 1807 1154 1910 religiosis,
1179 1806 1239 1883 vel
1260 1806 1404 1908 pillulas
1425 1805 1581 1884 subinde
1607 1805 1837 1884 sumentibus
1863 1807 2195 1902 accommodatum,

673 1934 711 2008 in
737 1933 884 2010 martio.

675 2120 2078 2143 ......................
2130 2068 2197 2166 (l).

719 2191 871 2267 Eodem.
902 2194 1035 2289 Hodie,
1061 2203 1215 2295 quaeest
1237 2216 1304 2270 vui
1326 2191 1468 2284 martii,
1497 2188 1632 2265 abhinc
1648 2189 1698 2266 10
1722 2189 1848 2283 anniS,
1876 2189 1924 2266 dc
1943 2202 2050 2267 utero
2068 2193 2195 2269 matris

671 2344 763 2396 meac
785 2322 972 2421 projectus
993 2347 1091 2398 sum:
1121 2322 1168 2398 de
1189 2332 1321 2400 ventre
1344 2318 1472 2394 matris
1493 2344 1584 2397 meae
1609 2332 1650 2396 tu
1674 2346 1713 2398 es
1739 2332 1928 2423 protector
1954 2348 2075 2417 meus,
2099 2325 2197 2401 Deus

669 2471 788 2522 meus:
827 2457 937 2549 atque
970 2449 1020 2525 ita
1053 2475 1155 2526 xxxx
1188 2449 1306 2526 aetatis
1339 2475 1431 2526 meae
1461 2451 1501 2525 in
1534 2452 1674 2529 mundo
1708 2452 1848 2554 peregi.
1882 2455 1976 2529 Ecce
2009 2453 2088 2530 dics
2122 2454 2194 2528 mci

668 2576 761 2652 sicut
787 2576 918 2653 umbra
941 2577 1233 2656 declinaverunt.
1263 2583 1317 2656 Tu
1344 2591 1467 2655 autem
1495 2579 1534 2655 in
1559 2592 1740 2658 aeternum
1767 2606 1820 2658 es.
1850 2581 1932 2656 Dixi
1960 2607 2059 2658 nuuc
2087 2583 2191 2682 caepi.

669 2701 721 2774 Te
745 2699 863 2775 solum
886 2701 1009 2777 ambio
1036 2713 1215 2778 aeteruum
1232 2706 1373 2784 vivere.
1394 2708 1519 2787 Offero
1546 2713 1702 2791 Domine
1719 2724 1793 2788 tuae
1818 2712 1973 2789 bonitati
1990 2711 2089 2788 bona
2109 2723 2190 2806 tua,

669 2824 839 2901 condona
874 2827 964 2904 mibi
997 2854 1081 2905 mea
1115 2830 1230 2924 mala,
1265 2835 1440 2933 quoniam
1474 2837 1723 2940 iniquitatem,
1754 2841 1929 2918 malitiam
1964 2852 2003 2917 et
2036 2839 2196 2915 iulirmi·

666 2963 781 3029 tatem
813 2980 934 3030 meam
968 2982 1036 3058 ego
1072 2983 1254 3059 cognosco
1290 2974 1327 3038 et
1360 2965 1527 3066 deploro.
1561 2970 1833 3047 bliserioordias
1862 2970 2010 3046 interim
2046 2969 2193 3046 Domini

667 3107 736 3182 pro
753 3083 1015 3161 misericordiis
1033 3097 1070 3161 ct
1091 3087 1236 3189 gratiis,
1261 3115 1330 3192 pro
1353 3093 1461 3170 donis
1483 3105 1521 3171 et
1537 3093 1736 3172 virtutibus
1760 3097 1798 3171 in
1819 3107 2000 3170 aeternum
2020 3094 2190 3170 cantabo.

668 3213 755 3312 (Hic
781 3214 914 3290 iterum
942 3243 1067 3317 paucae
1093 3218 1227 3295 desunt
1253 3221 1395 3318 linear.)

714 3340 758 3414 ln
782 3340 1016 3420 hebdomada
1046 3357 1171 3422 sancta
1197 3347 1356 3425 officium
1382 3347 1549 3427 divinum
1577 3349 1677 3453 quod
1704 3350 1881 3428 hactenus
1908 3347 1976 3426 sub
1999 3376 2191 3451 vesperam

667 3468 913 3566 praevenimus
942 3481 1028 3547 ante
1054 3470 1121 3547 lcr.
1150 3484 1238 3548 vet
1267 3473 1460 3580 deinceps,
1488 3480 1600 3556 modo
1625 3507 1732 3558 mane
1761 3481 1840 3582 ipsa
1867 3482 1905 3556 in
1933 3482 2022 3556 leria
2049 3483 2193 3583 persol-

666 3594 785 3670 vimus
811 3607 848 3670 et
872 3597 940 3672 fer.
970 3624 1010 3676 vr
1036 3600 1124 3676 vino
1150 3601 1334 3678 caruimus
1359 3631 1428 3705 pro
1455 3609 1586 3708 majori
1613 3609 1680 3685 Dei
1708 3609 1838 3712 optimi
1867 3608 1995 3710 gloria.

714 3729 800 3800 Post
830 3739 1076 3825 menstruam,
1109 3744 1172 3808 aut
1204 3733 1379 3834 amplius,
1418 3735 1637 3836 siccitatem,
1670 3740 1833 3841 pluviam
1866 3740 1969 3816 dedit
1998 3739 2191 3841 aliqualem

667 3853 868 3946 DominuS,
911 3856 969 3932 19·
1004 3857 1063 3932 die
1102 3837 1243 3959 aprilis.
1283 3861 1496 3937 lllussitatur
1534 3863 1631 3939 iuter
1669 3864 1837 3941 homiues
1877 3864 1924 3939 de
1958 3865 2191 3966 quorundam

665 3983 843 4061 nobilium
883 3987 1077 4090 Belgarum
1111 3991 1338 4090 proditione,
1384 4000 1519 4089 practer
1563 3992 1763 4068 chricum
1801 4017 1875 4070 van
1912 3990 1987 4068 den
2027 3992 2189 4094 Berghe,

665 4113 836 4190 comitem
862 4119 1162 4217 Egmondanum,
1181 4120 1446 4198 Warlusaeum:
1477 4128 1515 4194 et
1540 4140 1629 4192 vero
1657 4139 1777 4217 nuper
1803 4115 1841 4190 in
1870 4113 1976 4216 aprili
2002 4116 2047 4190 D.
2072 4116 2191 4200 Fran-

664 4239 780 4314 ciscus
812 4238 859 4313 de
889 4240 1085 4336 bloncada,
1118 4242 1281 4320 marchio
1306 4245 1508 4347 d’rlytoua,
1536 4257 1712 4344 tanquam
1736 4244 1963 4346 gubernator
1996 4244 2190 4347 Belgarum

665 4365 781 4441 cdidit
818 4367 996 4468 scriptum
1031 4371 1129 4472 typis
1168 4372 1405 4473 impressum,
1451 4374 1489 4448 in
1525 4398 1599 4474 quo
1635 4371 1925 4448 nominabantur
1960 4371 2081 4448 adhuc
2114 4383 2190 4448 tres

664 4493 742 4588 alii,
767 4494 953 4597 principes
978 4497 1193 4603 d’Espinoy,
1219 4501 1447 4599 barbanion,
1473 4516 1510 4581 et
1535 4527 1658 4580 comes
1683 4503 1731 4580 dc
1754 4503 1918 4597 chnin,
1943 4503 2031 4578 alias
2057 4503 2126 4578 duc
2150 4501 2190 4576 dc

539 4703 543 4718 Ι
663 4621 880 4714 Borncot'lle,
902 4625 1132 4725 gubernator
1155 4656 1196 4706 ιιι
1214 4631 1401 4710 civitatum
1426 4632 1609 4709 Flandriae
1625 4630 1781 4733 gallicae,
1805 4630 2031 4723 lusularum,
2055 4628 2187 4722 Duaci,

664 4746 829 4842 Orclriae3
849 4751 911 4851 qui
930 4778 997 4854 per
1014 4757 1356 4837 West·Flandriam
1375 4763 1552 4840 nimirum
1568 4788 1636 4865 per
1653 4761 1913 4864 Popcringam,
1934 4757 2188 4853 Hazebrouck,

694 5053 731 5121 (1)
748 5056 845 5107 Desunt
861 5063 972 5122 quatuor
989 5064 1033 5110 out
1050 5061 1165 5126 quinquo
1182 5062 1267 5115 liora.
