5132 6412
669 905 718 980 to
1281 898 1588 976 CHRONICON

718 1158 762 1233 ln
795 1158 947 1235 nomine
985 1158 1025 1233 S.
1061 1167 1099 1234 et
1135 1153 1325 1232 individue
1361 1157 1566 1234 Trinitatis.
1603 1158 1786 1252 Quoniam
1819 1159 1967 1239 dicente
2006 1164 2191 1265 apostolo,

669 1309 798 1382 omnes
815 1286 1047 1388 peccavimus
1072 1295 1110 1361 et
1134 1307 1284 1385 egemus
1309 1285 1565 1362 misericordia
1580 1286 1670 1378 Dei,
1698 1287 1811 1366 debet
1827 1290 2082 1393 unusquisque
2099 1288 2195 1369 lide·

669 1416 760 1494 lium
776 1416 978 1493 secundum
995 1415 1238 1518 quantitatem
1254 1414 1420 1490 muneris
1437 1413 1539 1515 quod
1560 1441 1583 1491 n
1606 1418 1684 1494 Deo
1702 1419 1860 1520 accepit,
1878 1420 1979 1496 omni
1997 1419 2195 1498 devotione

671 1543 876 1644 suspirare,
908 1541 1079 1618 laborare
1116 1553 1154 1617 et
1187 1541 1409 1642 investigare
1439 1549 1620 1642 quatenus
1652 1540 1700 1615 ad
1734 1539 1847 1641 ipsius
1881 1543 1950 1618 Dei
1984 1542 2124 1619 datoris
2158 1554 2196 1619 et

669 1667 929 1769 gubernatoris
946 1669 1110 1744 omnium
1127 1667 1419 1744 misericordiam
1437 1668 1484 1744 de
1505 1667 1710 1745 innumeris
1727 1670 1950 1771 perpetratis
1969 1669 2193 1748 facinoribus

671 1795 869 1895 pervenire
904 1819 1128 1871 mereamur.
1166 1795 1244 1869 lloc
1276 1793 1388 1894 igitur
1421 1793 1720 1870 animadvertens
1757 1803 1795 1869 et
1823 1795 2079 1890 considerem,
2117 1798 2194 1899 Ego

673 1923 878 2020 liebertus,
913 1925 1050 2026 pietate
1083 1924 1168 2019 Dei,
1200 1949 1323 2000 comes
1352 1922 1607 2018 olonnensis,
1639 1921 1812 2017 dominii,
1849 1922 1950 2025 quod
1983 1923 2044 2024 pia
2078 1938 2195 2002 mater
2267 1929 2269 1936 '

672 2079 755 2130 mea
772 2055 968 2130 Gertrudis
990 2056 1173 2132 comitissa
1194 2055 1279 2131 lecit
1304 2055 1465 2132 ecclesiae
1486 2055 1524 2130 S.
1553 2051 1653 2128 Petri
1671 2061 1709 2126 et
1736 2051 1774 2126 S.
1791 2051 1942 2129 Vedasti
1960 2050 2193 2146 confessoris,

673 2184 712 2257 in
736 2183 816 2261 loco
838 2185 901 2284 qui
927 2184 1062 2261 dicitur
1085 2185 1362 2275 uvltttsflntu
1390 2183 1429 2259 in
1454 2181 1658 2258 ministerio
1685 2180 1886 2276 Furnensi,
1912 2179 2021 2256 laudo
2046 2191 2083 2256 et
2105 2206 2196 2258 con-

673 2313 782 2389 cedo:
816 2326 854 2388 et
881 2314 919 2389 in
942 2315 1129 2392 audientia
1156 2315 1267 2391 totius
1294 2315 1406 2390 euriae
1431 2310 1668 2390 Flandrensis
1694 2311 1807 2412 ipsius
1833 2309 1961 2386 matris
1985 2335 2077 2385 meae
2107 2310 2196 2388 rcli·

671 2444 809 2546 giosam
831 2446 1045 2548 petitionem
1067 2444 1261 2524 confirmo.
1285 2448 1519 2523 Suntautem
1537 2466 1681 2543 eaquae
1701 2441 1874 2536 contulit,
1894 2440 2081 2518 videlicet:
2108 2469 2196 2520 vac-

672 2573 771 2648 caria
788 2598 862 2648 una
879 2599 963 2650 cum
979 2585 1081 2650 terra
1104 2601 1186 2676 quae
1204 2574 1356 2674 praelato
1374 2571 1456 2647 loco
1473 2570 1615 2646 adiacet
1632 2579 1669 2644 et
1685 2568 1888 2669 Berquaria
1904 2594 1977 2644 una
2000 2569 2038 2643 in
2056 2569 2194 2646 Verda.

673 2696 722 2768 Ut
747 2706 869 2771 autem
895 2695 974 2770 haec
997 2696 1148 2795 praelata
1170 2697 1240 2772 sibi
1263 2709 1470 2799 competem
1495 2696 1700 2772 stabilitatis
1725 2697 1891 2798 vigorem
1913 2695 1952 2769 in
1978 2707 2198 2796 perpetuum

673 2832 826 2896 teneant
857 2821 962 2922 sigilli
998 2823 1069 2897 mei
1103 2824 1344 2925 impressione
1383 2850 1468 2900 cum
1503 2819 1722 2923 optimatum
1759 2844 1928 2895 meorum
1966 2831 2004 2895 et
2036 2819 2197 2896 iudicum

675 2945 770 3020 illius
794 2946 996 3046 provinciae
1022 2949 1247 3044 testimonio,
1275 2951 1511 3029 corroborari
1535 2948 1722 3051 praecipio.
1743 2949 1837 3024 Volo
1863 2959 2005 3042 autem,
2033 2958 2074 3023 ut
2099 2949 2199 3024 etin

675 3072 904 3150 orationibus
929 3073 1086 3151 fratrum
1115 3074 1252 3152 ibidem
1281 3078 1360 3154 Deo
1387 3076 1628 3156 servientium
1659 3076 1836 3151 memoria
1865 3076 1935 3151 mei
1966 3084 2003 3149 et
2032 3085 2200 3152 anteces-

674 3222 801 3275 sorum
824 3212 861 3277 et
879 3225 1131 3279 successorum
1155 3227 1321 3280 meorum
1349 3203 1414 3280 liat
1438 3205 1478 3282 in
1504 3213 1743 3305 perpetuum3
1769 3201 1902 3277 eteius
1925 3201 2061 3276 amoris
2083 3201 2200 3302 gratia

674 3327 925 3405 Gouduveerd
951 3341 988 3405 et
1021 3329 1202 3405 decimam
1227 3329 1274 3405 de
1304 3332 1403 3407 Trist
1432 3330 1552 3406 eidem
1583 3327 1745 3407 ecclesie
1776 3327 1969 3405 contrado.
2001 3328 2055 3403 Er
2085 3351 2199 3404 ouum

673 3485 755 3562 quae
788 3459 836 3535 ad
865 3460 1055 3537 ecclesiam
1088 3461 1276 3561 pertinent
1310 3489 1346 3540 m
1377 3486 1596 3542 munocmm
1627 3486 1789 3540 susorum
1826 3485 1870 3536 ur
1900 3483 2121 3535 consurruo:
2159 3468 2200 3533 ut

675 3586 885 3687 quicunque
907 3587 984 3662 hoec
1009 3587 1148 3664 violare
1168 3592 1393 3690 praesumsit,
1417 3602 1554 3692 praeter
1580 3588 1618 3662 id
1641 3587 1742 3688 quod
1767 3593 1987 3686 perpetuum
2007 3580 2201 3656 anathema

667 3714 892 3809 incurrerit,
920 3715 1048 3791 decem
1072 3715 1185 3791 libras
1209 3717 1289 3792 auri
1315 3719 1424 3795 miehi
1449 3720 1526 3796 sive
1550 3713 1822 3792 successoribus
1849 3711 2047 3814 persolvet.
2070 3711 2202 3788 Actum

675 3849 731 3912 est
757 3839 893 3915 Funurs
915 3839 954 3913 in
979 3851 1165 3916 conventu
1191 3839 1411 3936 multorum3
1439 3869 1538 3920 anno
1561 3841 1763 3917 Dominicae
1790 3837 2055 3914 incarnationis
2085 3863 2123 3912 u.
2155 3863 2202 3913 ov

677 3965 887 4043 indictionis
911 3967 979 4060 lt,
1002 3980 1180 4070 regnante
1208 3969 1375 4072 Philippo
1403 3972 1442 4046 in
1470 3965 1639 4045 Francia.
1669 3963 1914 4064 Episcopante
1941 3984 2031 4038 vero
2058 3961 2202 4034 loanne

677 4096 833 4199 praesule
874 4097 1047 4200 glorioso
1093 4099 1245 4202 Signum
1288 4098 1442 4176 liuberti
1487 4093 1644 4174 comitis.
1692 4094 1730 4168 S.
1774 4089 1962 4191 Bertoiphi
2005 4087 2203 4189 Brugensis

675 4227 877 4329 praepositi.
919 4227 955 4302 S.
1001 4227 1163 4329 Reyneri
1203 4227 1395 4329 capellani.
1440 4229 1478 4302 S.
1527 4225 1713 4304 Heriberti
1755 4222 1943 4326 praepositi
1984 4219 2199 4296 Furnensis.

677 4351 713 4425 S.
769 4351 918 4428 Geraldi
965 4352 1145 4429 Caslensis
1192 4352 1393 4432 castellani.
1444 4357 1481 4433 S.
1533 4357 1709 4460 Braulphi
1757 4353 1956 4456 Bergensis
2003 4348 2200 4430 castellani.

677 4483 713 4556 S.
748 4481 925 4560 Florentii
956 4483 1158 4562 Furnensis
1188 4485 1390 4564 castellani.
1423 4488 1460 4563 S.
1494 4482 1646 4586 Ingeriti
1676 4476 1867 4583 capellani.

723 4754 886 4834 loannes
902 4756 1125 4833 llorinensis
1142 4759 1336 4860 episcopus
1354 4760 1423 4838 boc
1440 4786 1539 4839 anno
1557 4759 1736 4836 reformat
1752 4748 2016 4830 monasterium
2033 4744 2204 4820 Pholem-

675 4879 830 4981 pinense
859 4882 907 4960 ad
942 4882 1107 4985 regulam
1142 4886 1406 4962 canonicorum
1434 4888 1682 4991 regularium3
1716 4881 1914 4959 constituto
1947 4877 1986 4954 in
2018 4885 2205 4975 pastorem
2267 4942 2272 4950 .

674 5009 870 5089 Lamberto
896 5011 1074 5094 familiare
1096 5037 1176 5094 suo.
1200 5015 1366 5124 itemque
1388 5017 1485 5096 circa
1507 5016 1586 5094 haec
1603 5025 1772 5119 tempora
1794 5006 1842 5082 ob
1865 5006 2053 5111 ingentem
2075 4996 2203 5080 oceani
