5088 6418
946 941 1381 1022 EVERSHAMENSE.
1880 947 1928 1021 69

397 1198 514 1291 Bave3
537 1199 736 1301 Margarita
759 1197 920 1276 Tackart
941 1199 981 1274 in
1001 1198 1094 1291 Luo;
1116 1198 1283 1291 Beatrix,
1310 1195 1500 1297 Philippus
1522 1198 1580 1274 Du
1603 1198 1724 1275 Cruch
1746 1209 1783 1274 et
1806 1198 1924 1275 Jehan

397 1329 453 1403 De
476 1330 613 1424 Breuc,
641 1327 760 1404 lehan
783 1327 946 1408 Avoeke.

447 1459 664 1537 Franciscus
690 1471 728 1536 11
755 1456 946 1561 Philippus
970 1457 1018 1535 de
1044 1455 1297 1550 Haveslerke,
1328 1455 1461 1533 iratres
1490 1455 1652 1551 nobiles,
1683 1456 1844 1534 lacobus
1874 1458 1921 1533 de

398 1588 653 1683 Haveskcrke,
681 1592 726 1666 l).
760 1587 911 1682 llustin,
936 1589 984 1664 D.
1016 1587 1063 1664 de
1092 1589 1214 1664 Brene
1243 1597 1281 1662 et
1312 1610 1407 1661 1111
1436 1586 1536 1687 ejus,
1563 1586 1659 1663 forte
1685 1587 1811 1688 Agnes
1840 1612 1915 1662 van
1972 1667 1977 1678 ,
2050 1623 2062 1647 ·

399 1720 562 1814 Merves,
589 1718 748 1796 Domina
772 1718 930 1794 Vanden
956 1717 1148 1812 Broucke,
1178 1715 1290 1792 1400.

450 1846 640 1950 Philippus
665 1849 713 1925 de
738 1846 974 1925 llaveslserke
998 1846 1109 1942 alius,
1139 1846 1247 1923 1147.

450 1976 637 2054 liebertus
661 1979 744 2054 Van
770 1978 887 2054 Borre
912 2002 995 2055 cum
1021 1977 1156 2069 Maria,
1186 1977 1285 2052 socia
1311 2002 1392 2054 sua.

448 2106 607 2184 lacobus
623 2108 706 2184 Van
732 2108 901 2200 Huerne,
926 2109 974 2182 Ι).
1001 2107 1049 2182 de
1074 2103 1279 2208 Montigny,
1303 2105 1405 2182 dedit
1428 2105 1535 2183 nobis
1558 2107 1699 2184 reditus
1723 2107 1861 2209 aliquot
1886 2108 1926 2183 in

400 2236 626 2339 lsenbergha
651 2246 689 2312 et
712 2234 938 2331 Crombeka,
966 2236 1074 2312 llll.

448 2365 664 2444 Eustachius
687 2377 725 2441 et
745 2365 887 2442 Elbodo
909 2365 979 2443 sibi
1002 2366 1148 2468 cognati
1175 2364 1429 2441 (1111111145
1455 2377 1571 2442 metas
1594 2368 1783 2468 paludum,
1813 2366 1924 2443 1160.

448 2495 609 2572 Massilia
638 2493 715 2572 lilia
743 2495 902 2598 Nigerici
932 2494 1034 2570 dedit
1066 2495 1111 2571 12
1141 2503 1257 2570 metas
1285 2504 1413 2587 terrae,
1448 2496 1558 2573 1170.

447 2629 609 2704 1111111
630 2628 769 2720 Doom,
796 2625 957 2702 decanus
984 2624 1117 2701 obtulit
1139 2625 1228 2701 Vlll
1250 2635 1366 2700 metas
1393 2627 1474 2702 etl
1497 2625 1631 2702 lineam
1666 2627 1703 2701 in
1733 2624 1926 2727 ngardi-

401 2756 560 2860 capella,
584 2781 667 2859 quae
691 2754 875 2857 deputatae
900 2765 987 2832 sunt
1011 2751 1243 2846 infirmariae,
1274 2753 1384 2831 1407.

449 2885 629 2988 Georgius
641 2885 771 2988 Regis,
789 2897 938 2964 curatus
954 2882 1123 2987 paroeciae
1140 2882 1187 2959 de
1205 2883 1433 2985 Hoogstadc,
1453 2886 1684 2986 procuravit,
1705 2909 1770 2960 sua
1792 2884 1927 2961 cedens

400 3022 486 3122 jura
510 3030 728 3122 patronata,
754 3018 862 3097 nohis
887 3019 1024 3095 dictam
1048 3036 1187 3091 curam.

449 3149 572 3226 Sixtus
597 3151 666 3244 lV,
699 3149 882 3251 pontifex,
911 3145 1167 3235 donationem,
1199 3141 1286 3220 data
1312 3146 1473 3246 desuper
1499 3145 1617 3238 bulla,
1644 3147 1860 3224 autorisavit
1885 3173 1928 3222 ac

401 3282 480 3383 ejus
507 3281 657 3357 nornine
681 3281 870 3373 Linranus,
896 3275 1011 3353 abbas
1035 3274 1074 3348 S.
1099 3268 1256 3366 Nicolai,
1284 3298 1365 3351 eam
1393 3299 1520 3351 curam
1548 3285 1676 3349 nostro
1702 3275 1926 3350 monasterio

402 3408 673 3512 incorporavit,
701 3407 755 3484 uti
781 3419 818 3483 et
843 3429 971 3483 curam
996 3403 1036 3480 S.
1065 3396 1250 3492 Richarii,
1277 3397 1387 3472 1471.

448 3536 564 3615 Wido
591 3535 638 3610 dc
667 3532 875 3610 Crombeka
899 3528 1000 3608 dedit
1025 3527 1132 3604 nobis
1158 3536 1343 3603 trecentas
1369 3539 1486 3604 metas
1512 3526 1701 3629 sylvarum
1728 3528 1766 3602 in
1795 3538 1924 3604 nostro

401 3665 512 3742 leudo
537 3663 585 3741 de
612 3661 840 3765 Diepezecle.

449 3789 738 3886 MaximilianuS,
765 3788 960 3892 Belgarum
985 3786 1176 3889 princeps,
1204 3809 1287 3860 cum
1312 3784 1483 3888 Philippo
1508 3781 1604 3878 filio,
1632 3783 1786 3860 donavit
1813 3786 1928 3885 gratis

400 3919 715 3997 amortisationern
741 3921 829 3996 dicti
854 3917 975 4014 feudi,
1004 3915 1115 3994 1494.

446 4047 496 4122 lll.
525 4043 735 4122 Anthonius
755 4047 839 4121 Van
859 4044 973 4120 Arien
1000 4043 1149 4145 junior,
1182 4039 1508 4135 Oostvletcrensis,
1540 4038 1574 4114 l.
1603 4037 1648 4113 U.
1678 4037 1740 4129 L.,
1774 4035 1928 4112 contulit

401 4185 548 4254 centum
574 4175 687 4252 libras
711 4172 973 4250 Flandrenses.
1003 4171 1104 4248 Obiit
1131 4170 1244 4248 luas,

447 4301 605 4379 Domina
630 4301 828 4377 Catharina
852 4300 1022 4379 Boudelit
1047 4325 1129 4402 quae
1156 4299 1262 4375 dedit
1287 4295 1385 4373 1100
1409 4295 1585 4370 florenos.

448 4431 492 4507 0.
529 4430 716 4507 luvenalis
749 4431 966 4532 capucinus,
1001 4426 1257 4532 provincialis,
1289 4425 1352 4526 qui
1384 4423 1493 4501 nobis
1526 4420 1700 4521 reliquias
1736 4419 1775 4494 S.
1807 4419 1926 4495 Mauri

398 4553 626 4658 procuravit.
655 4552 755 4630 Obiit
774 4553 883 4632 11159.
903 4557 950 4631 Ε1
974 4553 1034 4630 alii
1052 4577 1182 4630 omnes
1199 4577 1357 4656 quorum
1380 4552 1532 4629 nomina
1548 4548 1623 4627 sint
1647 4549 1684 4625 in
1704 4547 1800 4624 libro
1826 4547 1924 4624 vitse.

445 4685 489 4759 ln
513 4681 613 4759 bulla
630 4680 729 4758 lucii
747 4707 853 4785 papae
868 4684 940 4779 lll,
959 4681 1045 4760 data
1060 4707 1159 4759 anno
1178 4680 1292 4776 1185,
1317 4680 1439 4781 agitur
1464 4679 1513 4755 de
1536 4676 1645 4754 bonis
1670 4674 1922 4779 sequentibus.

397 4807 571 4886 Albertus
595 4853 646 4868 -
670 4806 718 4885 de
740 4809 819 4911 ejus
843 4819 945 4886 terra
970 4833 1035 4887 xix
1057 4835 1250 4888 mensuras
1274 4808 1467 4886 habemus.
1493 4809 1656 4884 loannes
1681 4804 1729 4882 de
1755 4803 1879 4882 Stavla
1901 4828 1926 4880 x

396 4961 602 5014 mensuras.
627 4936 821 5041 Anulphus
843 4937 998 5015 clericus
1018 4961 1203 5015 mensurae
1223 4935 1429 5014 dimidium.
1456 4931 1644 5012 Arnoldus
1665 4930 1877 5031 Crudesoap
1901 4929 1924 5031 ij

399 5092 605 5147 mensuras.
621 5069 799 5148 Radulius
811 5069 1038 5150 uastenanus
1050 5068 1088 5170 iij
1103 5089 1308 5147 mensuras.
1324 5065 1528 5146 llerbertus
1540 5064 1581 5165 iij
1592 5083 1796 5139 mensuras.
1812 5059 1928 5137 Grata
