5132 6412
648 925 703 1002 46
1272 922 1583 1004 CHRONICON

652 1177 890 1260 tificotionem
916 1181 956 1258 S.
985 1183 1113 1260 matris
1143 1181 1349 1277 Theresiae‚
1380 1179 1446 1259 ubi
1469 1181 1504 1258 ei
1528 1175 1731 1256 celebranti
1756 1177 1796 1254 io
1821 1177 1931 1254 missa
1959 1185 1998 1253 et
2020 1175 2060 1252 in
2082 1199 2174 1278 pro·

652 1307 818 1386 cessione
841 1332 980 1385 saeros.
1012 1309 1181 1411 corporis
1205 1308 1341 1388 Christi
1366 1307 1647 1386 tabernaculum
1667 1306 1737 1386 sub
1761 1306 1984 1386 baldachino
2009 1304 2175 1410 portanti

653 1435 860 1516 adstitimus
886 1460 971 1514 eum
992 1436 1127 1538 jubilo.

701 1564 855 1642 Eodem.
880 1564 1013 1642 Itidem
1037 1591 1123 1643 cum
1148 1589 1193 1644 eo
1214 1565 1350 1643 iuimus
1372 1568 1468 1670 lprae
1490 1567 1530 1642 in
1554 1561 1826 1642 beatificatione
1851 1565 1890 1641 S.
1920 1563 2106 1641 Therasiae
2129 1562 2178 1640 dc

655 1691 751 1770 Vide
778 1715 894 1788 nova,
921 1690 989 1769 sed
1011 1691 1224 1770 celebrabat
1247 1701 1338 1770 tuuc
1361 1717 1507 1771 sacrm
1536 1705 1608 1788 etc,
1636 1691 1980 1771 Revereudissimus
2005 1692 2178 1772 dominus

655 1823 849 1925 episcopus
865 1820 1048 1922 iprensis,
1072 1819 1173 1922 apud
1195 1820 1496 1924 Augustinianos.
1520 1819 1640 1899 Credo
1662 1821 1795 1898 eodem
1815 1844 1914 1898 anno
1936 1819 2177 1921 praepositum

656 1959 826 2028 nostrum
853 1945 965 2023 icisse
993 1947 1189 2024 invitatum
1218 1948 1266 2024 ad
1295 1947 1622 2027 sanctificationem
1655 1948 1721 2026 SS.
1759 1946 1891 2052 ignatii
1919 1955 1958 2023 et
1990 1945 2177 2024 Francisci

655 2077 805 2157 Xaverii
834 2102 856 2154 a
885 2076 1061 2154 iratribus
1092 2078 1276 2155 societatis
1305 2077 1412 2173 lesu,
1444 2078 1511 2156 sed
1540 2101 1618 2154 non
1649 2075 1771 2154 ivisse.

706 2207 816 2284 idid.
836 2207 881 2281 D.
902 2204 1083 2308 Georgius
1099 2204 1147 2281 de
1163 2205 1381 2306 Carpentier
1397 2217 1524 2308 pastor
1541 2206 1581 2282 in
1598 2206 1827 2308 Hoogstada,
1846 2204 1905 2283 vir
1927 2203 2176 2300 doctissimus,

655 2334 843 2441 quondam
864 2333 973 2412 huius
995 2333 1158 2411 ecclesie
1180 2345 1219 2411 et
1241 2333 1602 2412 Formesellauorum
1628 2331 1914 2434 praepositorum
1937 2330 2175 2432 competitor,

657 2462 779 2542 evita
807 2462 877 2539 hae
905 2461 1040 2539 misera
1069 2462 1118 2540 ad
1146 2461 1348 2540 feliciorem
1379 2462 1565 2564 migravit.
1599 2459 1755 2562 Scripsit
1783 2459 1953 2561 quaedam
1983 2459 2175 2559 opuscula:

652 2593 750 2694 iacet
777 2590 942 2693 sepultus
969 2590 1009 2666 in
1036 2589 1178 2668 ambitu
1203 2601 1332 2668 nocuo
1362 2591 1461 2670 circa
1486 2587 1643 2694 gradum
1670 2585 1893 2664 dormitorii.
1923 2586 1967 2660 ln
1992 2583 2074 2662 loeo
2097 2585 2176 2687 ejus

658 2719 875 2798 substitutus
899 2727 956 2795 est
980 2727 1107 2819 pastor
1131 2721 1177 2796 D.
1207 2720 1369 2798 decanus
1396 2729 1522 2796 noster
1545 2715 1705 2794 lacobus
1730 2712 1994 2795 Winuebroot.

709 2845 863 2924 Eodem.
883 2843 942 2922 Lis
958 2845 1056 2922 inter
1073 2869 1142 2924 nos
1163 2855 1203 2923 et
1220 2848 1379 2924 Lodnscs
1396 2846 1594 2925 canonicos
1612 2854 1695 2921 orta
1711 2853 1768 2920 est
1789 2840 1838 2918 ob
1856 2840 2017 2917 decimas
2033 2853 2179 2918 nostras

659 2975 699 3052 in
726 2971 950 3051 Polinclrove
974 2971 1075 3052 sitas.
1108 2975 1200 3050 ltcm
1229 2985 1387 3078 purgata
1411 2997 1546 3078 magna
1571 2973 1712 3076 piscina
1740 2971 1869 3050 hortos
1894 2969 2177 3065 internosces,

613 3123 618 3133 “
661 3107 802 3186 Motum
828 3115 866 3179 et
895 3102 1046 3184 domum
1077 3103 1266 3207 praepositi
1296 3103 1379 3183 sita.

708 3229 861 3308 Eodem.
893 3231 987 3306 Item
1016 3231 1189 3334 caepimus
1215 3231 1340 3334 legera
1366 3232 1498 3336 psalm.
1528 3233 1726 3335 Usquequo
1756 3239 1827 3306 etc.
1860 3238 1946 3330 post
1973 3227 2109 3330 compl.
2138 3230 2178 3306 in

660 3359 894 3439 dormitorio.
914 3361 960 3438 D.
976 3361 1065 3438 Ger.
1085 3359 1270 3438 Jonchere
1287 3337 1403 3439 iactus
1418 3373 1473 3439 est
1490 3373 1616 3464 pastor
1634 3361 1673 3436 iu
1685 3356 1922 3452 Polinchove,
1941 3355 1981 3432 in
1998 3357 2175 3435 adventu.

708 3488 861 3567 Eodem.
886 3491 980 3566 ltem
1004 3489 1159 3566 tradidit
1180 3499 1308 3567 noster
1329 3491 1549 3594 prepositus
1574 3487 1720 3567 cuidam
1741 3484 1875 3564 clerico
1901 3483 1973 3562 huc
1999 3484 2177 3581 venienti,

661 3615 802 3694 litteras
827 3641 897 3718 pro
925 3619 1201 3718 presentatione
1225 3643 1325 3698 curae
1350 3620 1397 3698 dc
1424 3621 1562 3696 Oeren.

710 3740 864 3824 Eodem.
892 3745 1119 3823 Conseusum
1145 3771 1293 3852 quoque
1317 3748 1365 3828 ab
1382 3748 1569 3844 omnihus,
1596 3755 1772 3822 monente
1788 3744 1940 3823 domino
1966 3745 2178 3848 praeposito,

658 3873 841 3976 jejunium
865 3899 934 3980 per
958 3885 1077 3952 totum
1106 3900 1260 3970 aunum,
1290 3876 1445 3981 singulis
1471 3877 1572 3954 seriis
1602 3875 1732 3971 sextis,
1763 3874 1841 3950 sive
1864 3873 1996 3952 festum
2027 3873 2075 3951 sit
2102 3875 2179 3954 siva

663 4000 770 4081 feria.
910 4041 913 4050 ·

715 4131 825 4208 toea.
857 4131 902 4206 In
928 4131 1211 4234 quadragesima
1243 4133 1417 4236 caepimus
1444 4135 1616 4212 omittere
1641 4129 1736 4208 offic.
1768 4128 1856 4208 deff.
1887 4128 1977 4206 ferr.
2006 4153 2045 4207 rv
2067 4139 2106 4206 et
2126 4155 2179 4210 vr.

711 4257 864 4336 Eodem.
890 4258 1049 4353 Quidam
1072 4259 1244 4340 Andreas
1271 4263 1461 4344 Platavoet
1489 4289 1555 4342 sua
1583 4261 1742 4340 sectione
1771 4284 1840 4338 nos
1868 4258 2034 4364 aliosque
2062 4261 2183 4338 ecele-

662 4387 826 4466 siasticos
855 4388 1004 4466 vexavit
1029 4389 1070 4466 in
1095 4391 1327 4470 succidendis
1357 4391 1572 4470 nemoribus
1597 4388 1753 4482 nostris;
1784 4388 1851 4464 sed
1880 4396 2028 4464 ostensa
2052 4409 2182 4464 neccs-

663 4517 770 4594 sitate
786 4528 824 4594 et
839 4516 1063 4615 exemtioue‚
1083 4521 1300 4600 monasterii
1318 4532 1563 4625 procuratore
1578 4517 1742 4624 generali
1760 4517 1832 4597 hue
1851 4516 1976 4612 misso,
1995 4515 2183 4594 silentium

666 4645 699 4721 ei
731 4645 943 4747 impositum
971 4647 1052 4727 fuit.

713 4771 866 4849 Eodem.
894 4775 989 4852 Item
1009 4800 1136 4854 mense
1154 4778 1246 4880 julio
1263 4779 1435 4883 caepimus
1463 4781 1557 4859 hora
1580 4779 1616 4855 5·
1633 4799 1736 4877 vesp.
1762 4773 1963 4850 convenire
1984 4773 2024 4850 in
2050 4771 2183 4850 Reiec-

666 4900 804 4977 torium
820 4901 869 4977 ad
884 4901 1117 4981 collationem
1134 4905 1212 4984 sive
1229 4906 1424 4986 lectionem
1442 4904 1684 5010 spiritualem,
1704 4926 1815 5007 quarn
1831 4912 1940 4982 antea
1957 4901 2005 4981 ad
2018 4900 2184 4982 cubicula

668 5027 882 5108 secedentes
907 5029 1042 5134 sinpdi
1067 5030 1304 5112 sedebamus.
