5088 6418
935 919 1357 999 EVERSHAMENSE.
1860 921 1907 997 57

383 1212 404 1260 a
427 1210 492 1262 sua
515 1183 667 1260 ecelesia
683 1181 732 1259 ad
748 1184 953 1284 lprensem,
971 1179 1076 1257 initio
1094 1197 1247 1276 prorsus
1265 1174 1366 1268 anui,
1386 1199 1469 1250 cum
1491 1176 1536 1252 D.
1557 1175 1691 1255 abbate
1709 1178 1747 1253 S.
1767 1180 1799 1254 N
1802 1179 1905 1256 icolai

383 1308 566 1402 Roberto,
602 1317 641 1382 et
676 1305 905 1407 subsignavit
935 1305 1153 1383 Franciscus
1191 1307 1385 1383 Meestrius
1419 1307 1676 1410 pensionarius
1709 1312 1905 1412 Bergensis

292 1461 295 1466 ⁴
380 1435 439 1512 vel
469 1435 673 1512 Furnensis
699 1459 721 1510 a
750 1460 789 1512 se
817 1459 964 1512 versam
996 1438 1216 1512 Parenesem
1251 1433 1289 1509 S.
1323 1433 1444 1511 Basilii
1477 1435 1648 1514 versibus
1677 1437 1726 1515 ad
1755 1465 1904 1543 praepo-

381 1564 491 1640 situm
515 1562 721 1639 dedicatam
747 1561 846 1637 misit
870 1561 942 1639 kal.
970 1563 1103 1658 maias,
1130 1587 1216 1638 cum
1241 1561 1335 1656 aliis,
1363 1563 1508 1641 eodem.
1539 1565 1647 1644 1575.
1675 1569 1905 1674 (11111111-

378 1693 463 1768 11111
490 1717 573 1768 eum
599 1691 801 1793 gratiarum
826 1694 971 1770 actione
991 1704 1180 1795 acceptam
1204 1690 1303 1767 misit
1324 1693 1607 1770 examinandam
1633 1697 1681 1775 D.
1706 1700 1904 1780 Franciseo

379 1821 517 1895 Haemo.
546 1820 637 1894 Item
664 1818 735 1895 hoe
759 1843 858 1896 anno
882 1818 1022 1904 solutus
1047 1849 1073 1899 x
1098 1845 1284 1899 nummus.

417 1945 579 2025 Eodem.
612 1948 702 2025 Erat
730 1950 775 2023 D.
805 1950 1025 2053 praepositus
1052 1952 1148 2055 lpris
1178 1951 1217 2027 in
1250 1948 1472 2052 septembri,
1505 1950 1604 2029 unde
1636 1977 1722 2030 suos
1751 1955 1904 2058 epistola

380 2078 674 2156 commonefacit.

425 2207 577 2284 Eodem.
609 2208 801 2309 Expressis
830 2233 852 2285 a
881 2207 1190 2286 reverendissimo
1220 2203 1363 2306 iprensi
1390 2213 1546 2279 vocatur
1575 2202 1706 2281 litteris
1730 2207 1774 2282 D.
1805 2234 1904 2311 prae·

377 2335 519 2437 positus
541 2334 602 2411 vel
624 2334 787 2412 decanus
809 2359 892 2411 cum
916 2335 1053 2412 seniori
1076 2333 1395 2431 conventus,'sed
1422 2357 1532 2410 causa
1553 2344 1709 2430 tacetur,
1737 2337 1788 2413 14
1812 2362 1899 2416 nov.

427 2462 534 2540 1576.
569 2463 613 2538 11
634 2462 806 2563 11111111
835 2487 970 2565 magna
999 2462 1066 2538 luit
1099 2473 1298 2564 tempestas
1328 2474 1525 2540 ventorum
1552 2475 1590 2540 et
1619 2465 1797 2567 impetus,
1829 2496 1903 2570 quo

379 2589 513 2667 evulsae
539 2613 689 2666 annosae
715 2588 887 2683 arbores,
915 2599 1055 2684 turres,
1083 2587 1290 2690 domusque
1314 2589 1480 2690 dejectae.

426 2719 579 2797 Eodem.
604 2718 925 2797 Reverendissimo
947 2719 1098 2796 domino
1119 2717 1280 2820 exigenti
1302 2745 1392 2796 num
1418 2721 1608 2798 matutinae
1631 2747 1760 2824 preces
1782 2726 1903 2802 media

378 2857 487 2923 nocte
512 2854 769 2941 cantarentur,
789 2844 884 2921 datis
908 2855 947 2922 et
970 2846 1124 2949 signatis
1149 2847 1295 2945 litteris,
1317 2851 1489 2928 dominus
1512 2852 1732 2954 praepositus
1753 2879 1793 2931 se
1820 2882 1904 2932 cum

378 2977 453 3053 suis
470 2976 811 3078 obtemperaturum
827 2974 1901 3078 1111111111111111111111111111111111,1111111111,

378 3102 583 3206 1111111111.

424 3231 578 3309 Eodem.
610 3233 745 3334 lngens
776 3257 956 3333 aquarum
989 3233 1141 3313 alluvies
1170 3233 1280 3311 valde
1313 3233 1447 3310 nociva
1480 3232 1548 3310 luit
1579 3231 1604 3307 8
1635 3231 1741 3306 maii:
1779 3232 1903 3308 ferunt

375 3373 497 3440 autem
522 3362 641 3438 nostri
665 3361 776 3438 vieini
803 3371 945 3436 1111111
973 3362 1083 3439 111111
1108 3360 1306 3464 aliquando
1335 3360 1615 3438 inundationem
1642 3371 1684 3437 ut
1709 3361 1806 3440 loret
1831 3363 1901 3438 iter

374 3489 554 3592 liquidum
583 3484 791 3589 navigabile
824 3485 912 3563 hinc
941 3513 1057 3590 usque
1086 3489 1221 3567 Molam
1251 3486 1520 3564 Stavelensem:
1557 3486 1630 3562 imo
1660 3487 1811 3589 quidam
1841 3513 1901 3565 se-

375 3616 523 3693 niorum
564 3614 707 3692 addidit
744 3614 924 3692 utendum
962 3616 1072 3693 luisse
1110 3616 1247 3719 scapha
1281 3616 1329 3690 ad
1367 3615 1483 3691 altare
1525 3615 1564 3690 in
1603 3613 1741 3716 templo
1783 3627 1821 3691 et
1863 3617 1900 3692 in

375 3743 533 3820 ambitu:
562 3742 628 3819 sed
653 3743 777 3819 nescio
803 3767 851 3818 an
874 3744 946 3819 boc
971 3768 1083 3840 anno,
1111 3769 1159 3822 11
1184 3768 1276 3822 vero
1302 3740 1373 3819 alio
1400 3741 1587 3843 quondam
1613 3741 1758 3818 saeculo.

423 3880 576 3957 Eodem.
617 3880 663 3956 D.
703 3879 923 3981 praepositus
965 3879 1116 3956 tocnsis
1154 3879 1297 3956 intenta
1342 3876 1405 3953 lite
1448 3875 1556 3954 nobis
1594 3902 1664 3979 pro
1706 3879 1902 3954 medietate

374 4007 561 4108 pensionis
595 4006 770 4109 deinceps
809 4018 984 4085 retrectat
1022 4008 1186 4106 solvere,
1223 4008 1490 4109 supplicatione
1525 4007 1688 4085 exhibita
1724 4007 1763 4084 11
1800 4010 1901 4084 curia

374 4133 509 4236 papali.

422 4265 574 4341 Eodem.
606 4266 652 4342 D.
680 4264 1539 4368 11111111111111111111111111111111111111,
1566 4263 1625 4341 vir
1653 4263 1898 4353 doctissimus,

303 4399 311 4414 “
373 4395 502 4474 scribit
524 4395 572 4471 ad
595 4395 640 4472 lt.
666 4396 712 4471 D.
739 4395 978 4498 praepositum
1001 4422 1040 4474 se
1063 4408 1235 4476 vocatum
1259 4396 1308 4472 ad
1333 4395 1516 4498 synodum
1544 4394 1840 4473 Attrebateusem
1864 4405 1901 4469 11

374 4521 583 4599 interfuisse
605 4519 686 4597 loco
712 4524 757 4598 D.
787 4523 975 4626 praepositi
1000 4523 1047 4600 de
1073 4524 1261 4601 Eversam.
1300 4611 1304 4618 ι

422 4646 575 4724 Eodem.
612 4643 805 4747 cogitabat
837 4672 864 4724 11
898 4647 1029 4725 bursas
1062 4651 1219 4729 fundere
1253 4653 1292 4728 11
1330 4649 1459 4752 colleg.
1495 4648 1720 4742 biarchiam,
1757 4649 1823 4724 sed
1853 4648 1901 4723 ob

374 4772 527 4874 injurias
552 4782 764 4874 temporum
788 4775 998 4876 prohibitus
1023 4777 1092 4856 luit
1115 4780 1162 4856 D.
1191 4773 1411 4882 praepositus
1438 4782 1579 4850 noster.

419 4907 573 4985 Eodem.
608 4910 682 4987 Pro
715 4935 826 5012 prece
860 4913 994 4994 iterum
1027 4937 1095 5018 per
1128 4912 1337 5016 principem
1368 4909 1489 5014 agitur
1520 4935 1542 4987 a
1571 4918 1651 4986 1111
1686 4906 1804 4984 11111;
1842 4907 1903 4981 cui

371 5033 544 5112 satisfecit
569 5037 615 5114 D.
644 5039 879 5142 praepositus.
