5132 6412
925 862 1266 940 EVERSHAMEN
1276 865 1350 940 SE.
1855 864 1901 943 19

371 1125 502 1227 parisis
526 1121 710 1216 redditus,
735 1119 961 1222 tradiditque
984 1119 1131 1198 chartas
1154 1143 1331 1224 agrorum
1360 1135 1471 1228 atque
1497 1149 1693 1226 censuum,
1721 1131 1784 1234 qui
1814 1141 1902 1209 stunt

372 1257 411 1331 in
436 1253 641 1330 Merchem:
662 1250 810 1326 videtur
833 1259 956 1326 autem
982 1249 1081 1328 idem
1098 1249 1397 1353 superaddidisse
1423 1277 1480 1332 ιιιι
1506 1265 1623 1334 metus
1645 1265 1758 1335 terre
1780 1258 1901 1335 eidem

372 1382 597 1461 monasterio
616 1391 654 1458 et
670 1379 755 1456 huie
772 1379 962 1457 donationi
979 1381 1166 1456 consensit
1186 1381 1266 1457 eius
1285 1379 1401 1458 irater
1422 1402 1621 1485 germanus
1642 1387 1688 1465 D.
1711 1387 1900 1489 Philippus

373 1515 421 1590 de
447 1507 682 1590 Haveskerke
710 1520 749 1584 et
772 1509 850 1586 eius
873 1533 968 1585 uxor
994 1507 1120 1618 ¹tidelis
1144 1510 1192 1588 de
1217 1511 1418 1608 Tolenare,
1443 1513 1513 1591 hac
1535 1525 1660 1592 tamen
1686 1515 1900 1594 conditione

372 1656 414 1722 ut
446 1643 733 1745 inperpetuum
768 1639 951 1718 haberent
984 1639 1152 1718 indicto
1185 1651 1315 1718 nostro
1344 1644 1589 1738 monasterio,
1626 1669 1668 1722 111
1701 1645 1830 1723 missas
1860 1647 1899 1721 in

370 1771 617 1866 hebdomada,
642 1797 711 1874 pro
734 1769 930 1872 refrigerio
953 1769 1161 1848 animarum
1186 1769 1302 1872 patris
1324 1779 1363 1846 et
1385 1768 1515 1846 matris
1538 1769 1636 1866 eius,
1663 1783 1702 1850 et
1723 1799 1748 1849 ιι
1771 1773 1900 1850 missas

371 1903 410 1976 in
439 1901 645 2002 septimana
680 1923 749 2000 pro
783 1897 907 1974 anima
935 1897 1042 1975 dictae
1076 1899 1124 1974 D.
1151 1897 1255 1974 Aviae
1283 1897 1420 2000 patris,
1451 1907 1491 1974 et
1518 1896 1681 2002 denique
1711 1901 1898 2003 integrum

371 2029 531 2107 officium
560 2028 714 2132 singulis
743 2027 864 2124 annis,
893 2025 955 2104 die
989 2028 1027 2104 S.
1060 2025 1236 2129 Remigii,
1267 2049 1353 2103 eum
1381 2025 1562 2103 memoria
1594 2025 1684 2103 dieti
1713 2028 1899 2104 Francisci

371 2157 522 2261 eiusque
550 2156 697 2250 uxoris,
724 2179 824 2232 anno
852 2153 962 2231 1561.
987 2152 1152 2231 Accessit
1176 2152 1234 2230 his
1259 2152 1521 2232 donationibus
1546 2179 1748 2234 consensus
1769 2156 1899 2235 vicarii

371 2287 553 2390 generalis
578 2288 640 2363 tr*
669 2289 714 2362 D.
743 2285 975 2362 Morinorum
999 2307 1085 2361 cum
1108 2292 1386 2361 auctoramento
1411 2280 1692 2385 subsignatum
1719 2283 1876 2387 sigillato
1888 2359 1899 2398 ‚

369 2415 515 2492 eodem.

419 2546 473 2620 De
503 2541 595 2636 hoc,
626 2539 757 2636 oredo,
790 2550 846 2616 est
874 2538 1102 2641 epitaphium
1131 2540 1171 2616 in
1199 2550 1329 2617 nostro
1351 2539 1490 2642 templo
1516 2540 1565 2617 ad
1590 2565 1709 2620 cornu
1734 2541 1897 2644 epistolae

369 2673 492 2751 situm:
514 2693 634 2747 annus
650 2667 801 2770 quidem
817 2668 1037 2764 coneordat,
1056 2665 1123 2746 sed
1139 2668 1218 2746 dics
1234 2693 1312 2745 non
1329 2667 1433 2747 item:
1464 2669 1550 2772 quis
1569 2669 1610 2745 in
1635 2668 1735 2747 dicto
1758 2670 1896 2772 scripto

369 2801 573 2903 requiritur
598 2797 677 2877 dies
703 2799 741 2875 S.
761 2799 938 2902 Remigii,
963 2809 1003 2875 at
1028 2798 1088 2874 hic
1113 2797 1311 2901 postridies
1335 2797 1559 2875 animarum:
1588 2809 1740 2876 atvero
1767 2799 1897 2878 dicen-

368 2933 457 3008 dum
493 2929 563 3006 hoc
598 2904 828 3030 epitaphium
864 2951 944 3004 esse
981 2923 1140 3028 Philippi
1170 2951 1246 3004 non
1276 2939 1400 3006 eutem
1434 2928 1636 3025 Francisci,
1667 2930 1771 3008 cuius
1800 2929 1896 3008 forte

371 3071 451 3136 erat
483 3083 529 3136 ex
560 3057 730 3159 opposito
755 3082 777 3131 a
808 3081 926 3134 cornu
955 3053 1155 3156 evangelii,
1184 3055 1249 3133 uhi
1273 3055 1391 3133 frusta
1417 3056 1552 3157 lapidei
1580 3057 1766 3159 sepulchri
1792 3071 1831 3136 et
1858 3061 1898 3137 in

368 3213 413 3264 eo
443 3185 613 3287 quaedam
644 3185 692 3262 de
722 3208 828 3260 more
857 3184 995 3286 scripta
1020 3182 1196 3264 vidimus:
1228 3184 1267 3262 hi
1293 3188 1448 3265 sortasse
1476 3196 1564 3264 sunt
1592 3187 1656 3287 qui
1690 3213 1737 3265 ex
1771 3188 1894 3266 duello

369 3316 564 3410 obierunt,
606 3313 655 3393 de
697 3314 832 3416 quihus
872 3315 924 3391 sic
966 3312 1101 3415 legitur
1146 3313 1186 3388 in
1228 3311 1508 3415 martyrologio.
1557 3311 1689 3391 Obitus
1733 3314 1894 3392 duorum

366 3447 522 3522 lratrum
547 3442 726 3521 nobilium
752 3442 799 3519 de
829 3441 1085 3520 llaveskercke
1110 3441 1175 3544 qui
1203 3440 1311 3518 uobis
1340 3440 1525 3519 dederunt
1553 3451 1673 3518 certos
1700 3466 1892 3520 mensuras

366 3586 489 3652 terrm.
514 3573 730 3675 Aequisiere
755 3571 873 3649 nostri
899 3570 1013 3650 variis
1037 3569 1078 3648 in
1101 3568 1193 3648 loeis
1216 3580 1333 3648 metus
1357 3581 1545 3649 terrorum
1571 3580 1609 3648 ct
1631 3595 1821 3674 agrorum.

415 3830 548 3932 Magna
572 3828 707 3905 iterum
730 3827 798 3905 luit
819 3852 1001 3930 aquarum
1023 3851 1136 3932 snper
1157 3852 1286 3931 agros,
1308 3854 1418 3925 arva,
1441 3840 1479 3908 et
1500 3828 1653 3932 paludes
1679 3831 1891 3926 inundatio,

370 3969 476 4035 nocte
502 3955 635 4034 natalis
655 3955 821 4038 Domini.

412 4085 458 4159 D.
494 4082 715 4185 praepositus
747 4082 910 4160 eeclesiae
943 4083 981 4160 S.
1013 4080 1114 4162 Petri
1143 4085 1294 4163 Loensis
1322 4097 1479 4163 testatur
1514 4086 1722 4166 sevidisse
1751 4087 1892 4165 litteras

364 4210 455 4288 Adae
472 4212 636 4313 episcopi
652 4211 898 4307 Morinorum,
917 4237 1031 4315 super
1045 4213 1247 4292 donatione
1267 4224 1404 4292 nostrae
1421 4213 1605 4309 Pisouriae,
1623 4237 1723 4291 anno
1744 4213 1892 4291 Domini

365 4365 405 4416 ιι.
433 4363 515 4416 ccc.
545 4363 606 4415 ux.

411 4468 505 4544 ltem
527 4466 645 4543 nostri
667 4465 919 4568 acquisierunt
939 4466 1028 4545 alius
1042 4475 1228 4573 'agrorum
1254 4479 1389 4561 metus,
1419 4466 1530 4542 modo
1557 4476 1594 4543 et
1619 4466 1771 4544 nomine
1797 4491 1890 4544 oon-

364 4607 469 4673 sueto
485 4639 534 4654 -
550 4595 718 4673 additum
740 4594 917 4674 nimirum
938 4596 977 4673 iu
1000 4597 1131 4675 litteris
1157 4596 1227 4676 suh
1247 4595 1376 4674 ultima
1397 4593 1559 4672 clausula
1580 4629 1630 4654 -e
1646 4593 1824 4698 droephco
1847 4621 1894 4696 op
1996 4589 2000 4593 ’

364 4750 413 4801 ou
432 4725 480 4800 Ν.
503 4767 553 4784 -
575 4726 617 4825 os
631 4723 701 4801 deu
722 4723 898 4828 trumphos
919 4723 1021 4802 deser
1038 4769 1088 4786 -
1104 4727 1156 4804 ita
1176 4751 1324 4830 quoque
1346 4726 1385 4802 in
1410 4725 1624 4828 Reninghe,
1652 4747 1752 4802 enno
1779 4724 1888 4804 1561.

411 4855 504 4931 Item
528 4855 733 4959 acquisiere
756 4867 874 4935 metus
897 4881 937 4934 ιιι
962 4856 1002 4933 in
1027 4851 1252 4953 Cromhelre,
1279 4879 1378 4932 anno
1406 4850 1515 4931 1566.

412 4981 488 5059 Sub
521 4984 592 5062 hoc
624 4996 795 5090 tempore
826 4995 908 5065 erat
941 4984 1162 5090 prepositus
1195 4984 1305 5064 huius
1337 4984 1553 5064 monasterii
1586 4986 1632 5063 Ι).
1663 4984 1794 5062 Petrus
1828 4983 1892 5082 qui
