5088 6418
908 953 1329 1031 EVERSHAMENSE.
1836 951 1881 1026 17

353 1211 487 1291 iratres
522 1212 643 1316 primo
681 1211 804 1289 locum
841 1213 966 1290 istum.
1005 1209 1148 1291 Theod.
1189 1211 1407 1290 castellanus
1448 1211 1496 1288 de
1538 1208 1747 1302 Dixmuda,
1790 1205 1883 1283 dixit

355 1341 457 1442 quod
482 1339 635 1419 ecclesia
659 1341 702 1418 B.
730 1340 830 1418 Petri
855 1352 894 1420 et
918 1341 1070 1420 Vedasti
1096 1342 1143 1419 de
1169 1343 1346 1422 Eversam
1371 1342 1420 1419 sit
1443 1351 1481 1418 et
1503 1337 1569 1417 fiat
1596 1341 1880 1443 inperpetuum

356 1469 474 1548 libera
500 1496 548 1548 ex
576 1471 678 1548 omni
710 1469 859 1548 teloneo
893 1470 932 1546 in
961 1467 1049 1548 villa
1077 1467 1125 1546 dc
1153 1470 1355 1566 Dixmuda,
1386 1467 1434 1546 de
1467 1467 1639 1546 omnibus
1667 1466 1776 1544 bonis
1805 1465 1880 1541 suis

356 1598 405 1675 ad
438 1598 575 1675 dictam
608 1597 799 1676 ecclesiam
832 1597 1117 1701 pertinentibus.
1150 1643 1199 1658 -
1225 1598 1336 1676 Auno
1373 1597 1489 1690 1265,
1525 1621 1653 1674 mense
1683 1595 1791 1698 junii.
1827 1595 1882 1670 Ex

356 1727 529 1806 archivis.

404 1853 735 1933 christianissimus
764 1866 802 1932 et
834 1857 1084 1934 sanctissimus
1117 1881 1185 1934 rex
1216 1856 1423 1934 Ludovieus
1451 1856 1503 1930 lX
1533 1882 1554 1932 e
1585 1854 1661 1932 vita
1693 1853 1829 1956 migrat
1861 1879 1882 1928 e

355 1981 563 2084 pestilentia
593 1984 633 2060 in
664 1983 856 2062 obsidione
885 1987 1079 2064 Tunetana
1106 2008 1192 2062 eum
1222 1983 1347 2062 multis
1376 1981 1566 2059 militibus.
1596 1983 1706 2058 Anno
1734 1980 1881 2057 Domini

357 2110 471 2206 1270,
496 2111 545 2189 25
568 2112 729 2213 augusti:
760 2113 924 2191 succedit
949 2113 1140 2216 Philippus
1162 2113 1284 2190 audax
1307 2112 1417 2192 filius.
1447 2115 1493 2189 D.
1514 2111 1756 2206 Wilhelmus,
1781 2135 1880 2211 praa-

355 2238 496 2338 positus
528 2241 822 2337 Eversamcnsis,
864 2240 1017 2320 vivebat
1059 2239 1170 2318 1252.
1212 2241 1391 2318 Dominus
1430 2241 1593 2316 Joannes
1634 2235 1880 2341 praepositus,

355 2366 506 2446 vivebat
530 2369 641 2447 1258.

241 2500 245 2511 “
404 2490 527 2569 Guido
556 2516 679 2571 comes
707 2493 946 2572 Flandrensis
974 2498 1207 2576 amortizavit
1230 2499 1331 2577 bona
1355 2497 1518 2576 ecclesiae
1543 2499 1591 2574 de
1615 2499 1791 2574 Eversum
1824 2493 1881 2570 vel

356 2619 590 2723 eleemosyna
613 2622 674 2700 vel
699 2622 861 2700 emtione
886 2624 1077 2724 aequisita,
1108 2626 1195 2703 dato
1221 2627 1383 2730 desuper
1407 2627 1544 2729 scripto
1571 2627 1611 2704 in
1641 2651 1714 2728 quo
1745 2646 1881 2726 parvas

356 2762 550 2828 enumerat
579 2751 796 2829 donantium
825 2751 1096 2858 eleemosynas,
1123 2780 1222 2832 anno
1249 2755 1364 2851 1295,
1391 2781 1417 2832 x
1442 2755 1546 2852 maii,
1574 2766 1629 2850 et,
1657 2779 1772 2856 quum
1801 2763 1882 2829 erat

356 2891 487 2957 eontra
512 2880 727 2957 mandatum
751 2883 973 2985 Margaretae
996 2882 1076 2960 eius
1102 2883 1250 2980 matris,
1280 2881 1473 2960 solverunt
1496 2881 1706 2960 amendam.

403 3074 544 3151 Eodem
577 3099 677 3152 anno
701 3075 901 3178 acquisitus
933 3101 1066 3154 census
1096 3103 1122 3154 x
1151 3075 1438 3178 schellingorum
1472 3075 1512 3152 in
1548 3070 1878 3176 Ghyverinchove,

354 3199 475 3279 alieno
495 3203 663 3299 nomine,
682 3203 860 3280 nimirum
885 3206 932 3280 D.
959 3203 1136 3281 Beatricis
1159 3229 1233 3281 van
1254 3204 1462 3308 Hoogstade
1482 3201 1691 3280 Donilaoius
1712 3202 1754 3280 P.
1773 3201 1877 3289 Vlll,

355 3328 552 3405 canonicos
580 3329 793 3408 claustrales
817 3332 1043 3408 monasterio
1073 3331 1310 3407 Lateranensi
1339 3330 1441 3407 exire
1471 3327 1677 3422 ordinavit,
1706 3336 1744 3404 et
1772 3349 1880 3404 secu-

354 3455 451 3534 lares
475 3455 685 3550 collocavit,
715 3457 869 3561 singulis
901 3485 948 3536 ex
981 3456 1189 3536 redditibus
1217 3458 1450 3552 monasterii,
1482 3457 1643 3560 singulas
1669 3452 1879 3558 prebendas

354 3578 594 3656 constituens.
622 3580 732 3656 Anno
761 3605 801 3658 u.
827 3605 908 3658 cco.
940 3607 984 3678 x,
1011 3588 1176 3668 eremita
1204 3591 1243 3668 S.
1275 3588 1470 3693 Augustini
1499 3587 1650 3689 Papiam
1686 3584 1878 3662 venientes

353 3711 376 3783 t
413 3709 583 3812 Philippo
624 3709 757 3788 abbate
795 3722 833 3788 et
871 3714 1049 3792 canonico
1092 3717 1177 3794 Caeli
1213 3717 1335 3812 aurei,
1371 3716 1541 3793 obtinent
1575 3725 1617 3788 ut
1653 3712 1701 3789 ad
1738 3709 1876 3787 dictum

352 3837 473 3915 locum
515 3839 666 3918 casellas
708 3853 926 3920 construant
966 3869 1040 3946 quo
1078 3845 1211 3948 saepius
1251 3846 1291 3923 S.
1329 3845 1370 3923 P.
1411 3842 1586 3945 reliquias
1624 3850 1875 3932 venerentur,

352 3967 490 4068 primas
511 3993 558 4044 ex
577 3969 734 4064 vimine,
759 3970 846 4047 dein
872 3995 918 4048 cx
938 3971 1077 4074 lapide,
1106 3973 1268 4076 denique
1292 3973 1508 4050 auctoritate
1534 3970 1667 4048 summi
1690 3967 1875 4071 pontificis

350 4097 503 4174 loannis
539 4099 663 4195 XXII,
698 4125 798 4177 anno
834 4126 872 4178 n.
906 4126 987 4180 cuc.
1022 4126 1143 4199 xxvu,
1178 4101 1218 4177 in
1255 4100 1461 4177 dominium
1497 4097 1637 4175 babere
1669 4095 1877 4173 contende-

351 4235 459 4318 runt,
499 4235 538 4302 et
574 4229 838 4305 canonicorum
875 4229 1111 4323 eiectionem3
1149 4229 1216 4307 sed
1256 4227 1407 4305 tandem
1444 4227 1560 4331 pactis
1601 4224 1875 4302 conditionibus

350 4351 600 4454 impetrarunt
636 4367 679 4432 ut
714 4357 766 4433 in·
788 4358 1005 4435 servitutem
1044 4356 1205 4434 eeclesiae
1242 4355 1351 4432 simul
1388 4379 1473 4429 cum
1510 4351 1698 4430 canonicis
1737 4350 1875 4428 substi-

349 4490 559 4562 tuerentur.
586 4485 678 4561 Peu.
707 4484 732 4560 l.
763 4485 804 4580 l,
831 4511 865 4562 c.
893 4487 954 4562 65.

397 4677 531 4778 blagna
565 4677 634 4756 luit
668 4678 861 4757 inundatio
895 4703 1076 4782 aquarum
1109 4679 1149 4757 in
1182 4677 1358 4755 Flandria
1390 4699 1473 4779 quae
1503 4699 1616 4752 omne
1645 4674 1873 4751 [rumentum

349 4805 534 4907 eorrupit,
562 4806 663 4883 unde
693 4818 819 4885 secuta
846 4818 903 4885 est
927 4805 1050 4886 valida
1079 4833 1236 4887 annonae
1261 4808 1408 4885 caritas.
1440 4805 1550 4882 Auno
1578 4803 1674 4882 1515
1699 4805 1746 4881 D.
1776 4829 1874 4907 prae-

347 4934 487 5034 positus
508 4937 548 5012 S.
573 4939 721 5015 Martini
742 4941 924 5042 lprensis‚
948 4938 1097 5035 Daniel,
1121 4937 1256 5016 latetur
1282 4959 1341 5032 se,
1369 4935 1456 5012 dato
1483 4934 1645 5034 desuper
1671 4933 1810 5034 scripto
1838 4945 1874 5006 et

347 5057 484 5159 sigillo,
515 5062 650 5141 vidisse
679 5066 822 5145 litteras
852 5067 992 5146 domini
1022 5066 1164 5145 comitis
1193 5065 1448 5161 flandrensis,
1479 5060 1640 5221 Philippi
1662 5060 1791 5137 Alsatii
1826 5059 1873 5135 de
