5132 6412
943 897 1367 983 avunsflnnnnsu.
1826 963 1828 969 Α
1867 905 1914 982 57

391 1168 523 1246 eodem
552 1189 652 1243 anno
680 1173 809 1267 captus
836 1160 905 1241 fuit
931 1158 1046 1239 salmo
1074 1161 1113 1238 in
1142 1160 1279 1239 eodem
1313 1172 1442 1240 nostro
1475 1161 1608 1258 fluvio,
1645 1162 1762 1240 mutto
1795 1164 1914 1266 maior

392 1308 521 1373 nostro
548 1295 682 1397 primo.

440 1418 548 1496 1655.
569 1419 612 1492 ln
624 1417 731 1519 junio
746 1415 859 1493 rediit
873 1427 1000 1494 noster
1017 1417 1211 1523 episcopus
1227 1423 1368 1524 Ipram,
1387 1422 1454 1500 sed
1468 1423 1592 1525 paullo
1607 1434 1691 1525 post
1703 1422 1912 1503 Bruxeilam

389 1557 540 1623 vocatus
565 1545 632 1624 ivit
655 1546 695 1622 in
717 1545 823 1647 julio.
1061 1625 1063 1630 ,
1904 1557 1913 1578 ·

435 1677 548 1750 Porta
572 1684 700 1751 nostra
722 1686 895 1777 reparata
918 1687 975 1754 cst
998 1677 1150 1778 aquaria
1174 1674 1307 1752 eodem
1337 1697 1484 1768 mense,
1517 1698 1591 1751 una
1620 1673 1798 1750 nimirum
1826 1696 1911 1750 mu·

387 1824 516 1878 rorum
541 1825 628 1904 pars
653 1800 866 1879 minabatur
889 1802 1032 1879 dudum
1055 1803 1218 1880 ruinam.
1700 1817 1705 1824 '

434 1924 586 2000 Eodem.
627 1924 674 2002 D.
713 1923 827 2001 abbas
865 1927 903 2002 S.
939 1927 1080 2005 Bertini
1121 1954 1207 2007 curn
1248 1943 1379 2008 senatu
1416 1931 1673 2033 Poperingano
1714 1931 1912 2033 cogitavit,

386 2055 565 2156 caepitque
581 2053 736 2130 alteram
752 2065 1020 2132 cataractarum
1044 2084 1157 2160 supra
1174 2083 1307 2136 varum
1324 2058 1373 2134 de
1389 2058 1597 2160 Poperinga
1614 2056 1797 2150 effossam,
1821 2056 1913 2134 hor·

386 2209 467 2261 sum
500 2207 631 2262 versus
665 2207 826 2285 ponere,
865 2185 932 2262 sed
965 2187 1133 2262 membra
1169 2186 1410 2288 aquagiorum
1446 2211 1530 2263 cum
1566 2196 1696 2262 senatu
1729 2183 1912 2262 Furnensi

386 2309 538 2412 aliisque
565 2309 654 2386 viris
677 2307 900 2386 obstiterunt
925 2338 967 2388 ac
991 2313 1164 2389 inchoata
1191 2337 1308 2416 opera
1332 2328 1529 2419 ruperunt.

433 2440 587 2517 Eodem.
610 2437 669 2512 Lis
690 2435 737 2512 de
760 2437 913 2516 ecclesia
934 2441 1167 2522 Formellana
1188 2437 1302 2548 porro
1330 2463 1485 2555 urgetur
1509 2463 1546 2528 et
1571 2451 1764 2552 episcopus
1784 2450 1912 2525 Attra-

385 2570 547 2648 batensis
570 2592 717 2670 semper
733 2570 996 2671 tergiversaris,
1016 2579 1258 2681 respondere.
1280 2579 1338 2656 0b
1356 2579 1486 2681 patriae
1504 2603 1579 2656 suae
1601 2577 1765 2678 negotia,
1785 2574 1911 2652 habito

386 2700 519 2804 placito
558 2713 596 2777 et
629 2699 804 2777 mandato
841 2727 864 2778 a
901 2705 1004 2780 curia
1041 2707 1231 2801 Romana,
1272 2707 1312 2782 in
1350 2706 1472 2783 medio
1512 2703 1727 2782 novembris
1765 2725 1911 2779 causam

386 2855 490 2909 suam
523 2855 633 2932 agere
667 2841 815 2907 coactus
844 2844 912 2910 est.
944 2836 967 2911 7
999 2833 1213 2913 novembris
1248 2832 1354 2911 fuere
1387 2832 1448 2908 bic
1481 2830 1595 2908 abbas
1626 2831 1664 2907 S.
1701 2829 1843 2906 Bertini
1875 2838 1913 2904 et

387 2959 447 3034 alii
472 2983 543 3060 pro
577 2958 682 3034 dictis
712 2960 915 3036 cataractis.
952 2963 1069 3040 Porro
1103 2991 1150 3042 ex
1183 2965 1399 3067 quotidiana
1432 2963 1548 3039 ferme
1583 2959 1707 3062 pluvia
1737 2984 1759 3033 a
1788 2955 1911 3033 medio

385 3083 547 3162 octobris
577 3084 659 3186 plus
689 3083 811 3161 minus
839 3085 1135 3186 inundaverunt,
1166 3089 1272 3168 solito
1302 3111 1426 3180 more,
1458 3109 1563 3185 aquae
1596 3105 1709 3184 super
1738 3090 1845 3183 prata
1874 3089 1912 3154 et

386 3240 539 3317 pascum
567 3214 743 3316 deinceps
768 3214 852 3317 gelu
877 3229 1055 3318 sequente
1080 3220 1119 3295 in
1144 3215 1347 3295 decembri.

434 3353 585 3429 Eodem.
603 3351 779 3452 Princeps
791 3361 919 3426 nostra
931 3350 1084 3428 lsabella
1096 3353 1202 3429 Clara
1219 3346 1384 3449 Eugenia
1398 3353 1664 3446 post-quartam
1682 3339 1910 3444 aegritudinis

385 3505 459 3557 suae
484 3479 599 3574 diem,
624 3479 784 3555 animam
808 3480 887 3556 Deo
911 3479 1074 3556 reddidit
1097 3479 1158 3554 die
1184 3475 1305 3580 prima
1329 3470 1552 3566 decembris,
1572 3469 1687 3545 aetatis
1712 3493 1789 3545 suae
1807 3493 1908 3546 nxvn

385 3621 422 3685 et
446 3609 524 3684 iere
545 3633 584 3684 ιν
599 3607 794 3684 mensium.
819 3608 865 3686 D.
890 3607 1023 3685 Paulus
1045 3606 1243 3683 canonicus
1260 3613 1389 3681 noster
1412 3603 1458 3678 15
1476 3599 1710 3694 novembris,
1727 3598 1909 3701 primitias

385 3738 579 3814 missarum
604 3738 683 3814 Deo
708 3736 854 3814 obtulit.

431 3867 583 3944 Eodem.
616 3868 688 3944 Pro
717 3867 894 3945 coronide
922 3866 1046 3968 hujus:
1080 3862 1181 3939 visus
1211 3859 1272 3937 bic
1303 3859 1342 3935 in
1367 3858 1428 3936 via
1452 3868 1582 3934 nostra
1611 3878 1722 3958 quam
1753 3853 1909 3957 cinplrele

383 4015 571 4086 vocamus,
601 4013 733 4066 cervus
761 3990 848 4067 satis
877 4015 1051 4092 magnus,
1083 3991 1146 4092 qui
1175 4015 1290 4092 aquas
1321 3986 1576 4091 pertransiens
1610 4011 1631 4061 e
1665 3997 1772 4087 prato
1803 3984 1911 4085 aqui-

385 4121 503 4199 lonari
531 4121 630 4199 viam
660 4121 774 4223 cepit,
806 4133 844 4197 ot
877 4122 1012 4198 iterum
1042 4120 1245 4198 trasnando
1277 4142 1454 4221 magnum
1485 4113 1684 4209 vivarium,
1720 4114 1821 4216 quod
1855 4125 1911 4190 cst

384 4259 489 4324 extra
516 4259 660 4348 portam
688 4257 872 4344 nostram,
903 4250 977 4326 cito
1008 4275 1117 4326 cursu
1148 4247 1326 4326 cucurrit.
1361 4248 1463 4322 Duos
1489 4270 1604 4323 cornu
1639 4269 1706 4320 suo
1737 4245 1910 4343 inseque-

383 4377 533 4472 bantur,
562 4379 607 4454 Ι).
636 4376 804 4452 Lamoral
827 4376 1091 4479 burggravius,
1121 4381 1167 4454 D.
1195 4376 1242 4451 de
1270 4372 1435 4466 Stavela,
1466 4397 1487 4447 e
1516 4372 1658 4447 Revera
1687 4369 1759 4446 buc
1788 4369 1908 4470 ipsum

382 4502 629 4605 insequendo,
659 4511 697 4579 et
725 4527 841 4579 unum
870 4502 1014 4600 Delvai,
1047 4505 1181 4582 nobilis
1211 4503 1332 4579 dictus
1362 4501 1534 4577 dominus
1565 4499 1763 4592 d’Hornes,
1798 4495 1908 4600 globo

383 4629 528 4730 trajecit
556 4639 594 4704 et
618 4628 667 4704 ad
691 4627 882 4730 praelat-um
908 4639 1076 4706 nostrum
1103 4644 1249 4732 partem
1276 4632 1375 4708 misit
1400 4632 1445 4707 D.
1479 4628 1594 4706 abbas
1624 4630 1791 4721 Lodnsis3
1823 4650 1909 4729 pars

383 4767 506 4831 autem
539 4767 620 4833 erat
653 4780 718 4857 pes
751 4755 916 4834 anterior
950 4782 1033 4834 cum
1067 4761 1220 4839 dimidio
1251 4761 1380 4864 eapitis
1415 4785 1532 4862 usquc
1570 4757 1618 4836 ad
1655 4756 1811 4848 calcem;
1850 4755 1910 4832 hic

383 4882 574 4962 dicebatur
607 4897 735 4988 captus
768 4887 807 4961 in
832 4885 1021 4965 Watuwe:
1062 4891 1162 4968 misit
1195 4902 1233 4968 et
1268 4889 1447 4989 majorem
1482 4896 1627 4990 partem
1658 4886 1705 4961 D.
1741 4881 1909 4961 Lamoral

386 5011 500 5092 altera
525 5015 598 5093 die.
626 5017 672 5092 Et
696 5017 756 5094 bic
780 5013 865 5093 finis
890 5043 989 5095 anno
1016 5019 1112 5096 1655
1645 5113 1664 5173 a
