5088 6418
391 1510 478 1578 rxoc
513 1509 818 1599 Quoncumoun
854 1515 1004 1598 vxnns,
1039 1518 1219 1599 nosnos,
1256 1520 1347 1606 ouo
1381 1521 1605 1589 srxnunsx
1640 1520 1846 1590 svuxsxu

585 1626 702 1694 luxu
726 1629 873 1700 ussum
898 1633 1078 1705 rxxrxrs
1102 1638 1263 1723 sunus,
1290 1641 1518 1726 rxnusous
1543 1641 1659 1710 rurs.

638 2519 741 2586 Lucus
763 2537 848 2585 exam
873 2517 1008 2608 primum
1033 2518 1139 2610 rigidis
1164 2518 1283 2589 inl'cstis
1308 2520 1348 2590 ab
1371 2523 1454 2614 apris

681 2626 768 2692 Mors
793 2622 925 2693 inlausta
950 2626 1005 2694 riri
1030 2645 1121 2694 causa
1144 2624 1228 2714 quod
1252 2627 1316 2693 Ara
1341 2623 1457 2696 lorem.

637 2730 741 2815 Quum
767 2729 882 2800 lratres
907 2741 1075 2813 venantur,
1102 2753 1212 2822 aprum
1236 2729 1303 2800 lors
1324 2733 1442 2801 sauciat
1465 2731 1561 2820 aller3

681 2834 762 2902 Hinc
786 2833 904 2904 discors
927 2833 989 2906 odii
1015 2835 1133 2904 semina
1156 2833 1255 2906 lraler
1280 2834 1348 2904 alit.

637 2940 683 3020 lt,
710 2938 773 3007 ruit
796 2939 828 3008 in
852 2940 965 3010 caedem
990 2938 1089 3010 l'rater
1111 2938 1237 3024 fratris,
1263 2939 1368 3028 (leros
1393 2940 1531 3029 hostist)

680 3044 742 3113 Sed
766 3054 891 3115 maestus
914 3047 1017 3138 placat
1041 3045 1156 3128 corde,
1182 3069 1336 3138 manuque
1362 3049 1476 3116 Deum.

634 3154 716 3220 Area
741 3158 806 3219 tum
831 3153 968 3243 primum
991 3151 1072 3224 lacili
1097 3173 1166 3220 sum
1191 3159 1309 3240 aequata
1333 3146 1494 3237 cylindro,

677 3256 844 3343 Captaque
867 3277 936 3324 sum
961 3263 1030 3324 toto
1055 3241 1156 3326 lorma
1181 3252 1316 3322 rotunda
1338 3253 1408 3322 loco

632 3359 698 3424 Ara
721 3357 796 3424 mihi
820 3361 920 3450 posita
944 3368 993 3428 est
1014 3381 1110 3452 parvo
1134 3359 1294 3429 concincta
1320 3357 1435 3426 sacello

679 3459 749 3542 Qua
772 3463 878 3552 pacale
899 3461 969 3532 litet
992 3483 1123 3544 munus,
1149 3461 1190 3531 ob
1214 3468 1302 3542 acta,
1328 3463 1412 3531 Deo.

634 3567 686 3634 llle
709 3568 823 3635 struxit
844 3569 960 3658 pietas,
984 3575 1197 3658 structamque
1213 3565 1331 3633 vocarit
1351 3565 1609 3636 Evunsflaru:

678 3667 771 3755 Quod
795 3673 1069 3763 Pratum-ex-xlpri
1093 3671 1242 3761 sanguine
1264 3669 1433 3761 palluerit,

633 3777 753 3845 Staxela
777 3798 827 3846 me
849 3777 972 3862 subdit,
997 3778 1142 3849 lurniscis
1166 3798 1267 3868 ponor
1289 3777 1322 3844 in
1345 3776 1445 3844 assisa

679 3883 765 3950 lsara
789 3901 839 3948 me
863 3881 986 3973 liquidis
1009 3904 1070 3974 qua
1092 3882 1168 3950 ratis
1191 3881 1257 3951 abit
1280 3882 1380 3973 aquis.

633 3985 754 4055 Verum
781 3987 947 4078 Augustini
970 3985 1103 4057 llorente
1126 3985 1184 4056 sub
1208 3983 1317 4055 ordine
1341 3983 1447 4066 clero,

676 4088 787 4158 0liicio
812 4091 936 4174 lvonis,
964 4111 997 4159 se
1020 4113 1107 4162 meus
1131 4091 1216 4161 auxit
1242 4088 1356 4158 honos.

631 4193 800 4265 sollicitate
823 4217 916 4288 prece
939 4197 1118 4280 Gualberti,
1145 4195 1377 4286 Elbodonisque
1400 4193 1529 4274 lavore,

677 4301 789 4372 Libera
813 4302 962 4373 demittor
983 4305 1122 4397 praesulis
1146 4324 1220 4386 ore,
1246 4323 1353 4370 manu.

631 4407 769 4478 Dedicor
792 4409 910 4478 Aurelii
935 4412 1026 4480 titulo
1049 4409 1203 4500 tituloque
1229 4407 1377 4488 vedasti,

677 4512 719 4578 Et
742 4509 825 4579 cadis
849 4511 881 4579 in
904 4513 1011 4584 titulos
1035 4513 1149 4603 inclyte
1173 4518 1287 4594 Petro,
1316 4529 1416 4579 meos.

630 4616 700 4701 Qua
724 4614 817 4698 data,
843 4617 971 4686 succisis
995 4619 1132 4688 collocor
1154 4640 1267 4710 pascua
1292 4617 1392 4696 silvis,

677 4720 875 4813 Candidaque
899 4723 1040 4794 exulibus
1062 4726 1174 4795 vellera
1197 4744 1291 4816 pasco
1314 4722 1411 4805 loris,

630 4829 722 4896 Nunc
744 4846 875 4917 assurgo
898 4828 1022 4920 quidem
1045 4852 1148 4923 parvae
1171 4830 1229 4900 sub
1251 4829 1393 4921 imaginis
1418 4826 1529 4897 umbra

565 4973 574 4996 1
674 4932 736 5001 Sed
759 4931 872 5017 breve,
897 4938 1033 5005 loannes
1057 4936 1171 5028 praesul
1194 4933 1320 5004 adauxit
1342 4954 1434 5026 opus.

628 5040 687 5108 llic
712 5038 786 5107 mihi
811 5044 995 5133 praepositus
1019 5042 1159 5111 Thomas
1182 5043 1215 5110 in
1237 5064 1292 5112 sua
1317 5041 1421 5110 munia
1445 5039 1581 5128 sumpsit
1705 5124 1717 5181 l
