5132 6412
690 919 713 992 6
1256 899 1259 906 ’
1288 905 1596 984 CHRONICON

690 1167 848 1246 chartris
864 1165 1063 1243 vernacule
1079 1163 1127 1240 de
1148 1161 1293 1266 pascuis
1314 1171 1444 1240 nostro
1460 1159 1685 1238 monasterio
1702 1159 1885 1264 contiguis
1903 1171 1941 1240 et
1957 1161 2210 1258 conterminis,

687 1302 748 1377 teu
774 1307 934 1397 geomeo,
957 1297 1018 1374 itu
1043 1294 1174 1374 staua
1198 1295 1270 1392 teos
1294 1292 1504 1392 (Magnum,
1532 1316 1691 1394 parvum
1716 1314 1894 1393 pascuum
1920 1291 1998 1370 sive
2023 1293 2211 1394 pratum.)

686 1423 922 1499 Concordant
950 1420 1068 1498 nostri
1097 1419 1255 1523 insignia
1285 1417 1513 1496 monasterii.
1546 1420 1641 1496 Hinc
1672 1419 1835 1521 denique
1863 1418 1972 1498 nobis
2000 1419 2211 1499 notissimus

684 1577 830 1630 versus:

898 1703 899 1706 ’
933 1695 985 1763 lle
1008 1691 1107 1785 pietas
1130 1690 1260 1774 struxit,
1286 1695 1501 1786 structamque
1524 1695 1642 1764 vocavit
1670 1695 1932 1766 EVERSllAM.

1541 1831 1705 1900 romaum,
1722 1835 1752 1886 u
1768 1835 1875 1902 ιιμιι.
1890 1837 2045 1904 epicopatu.

727 2086 821 2162 Huic
850 2083 992 2161 nomini
1021 2082 1223 2160 consimilia
1248 2083 1508 2180 inveniuntur,
1537 2097 1579 2162 ut
1607 2087 1815 2190 Everglrem
1843 2090 1945 2192 apud
1970 2091 2203 2171 Gandavum.

675 2211 889 2313 Eversdyck
918 2212 958 2288 in
986 2209 1139 2290 Zeland.
1171 2207 1392 2287 Eeversham
1424 2211 1464 2287 in
1483 2211 1634 2317 anglia,
1667 2227 1706 2292 ct
1733 2217 1891 2295 Evesam
1919 2221 2200 2298 monasterium.
2306 2268 2310 2278 ·

676 2344 719 2419 In
748 2340 957 2419 Franeonia
989 2338 1159 2417 orientali
1188 2341 1402 2432 Evunur1u3
1440 2340 1682 2419 Evnnsnoncu
1714 2342 1755 2419 in
1789 2343 1897 2422 dioec.
1935 2343 2074 2423 Osnab.
2111 2347 2204 2425 Suc-

675 2493 779 2545 cessu
803 2492 918 2569 porro
937 2465 1116 2568 temporis
1137 2476 1288 2569 petente
1305 2462 1502 2544 Walberto
1531 2469 1741 2565 sacerdote,
1774 2482 1812 2548 et
1835 2472 1985 2550 favente
2011 2469 2202 2550 Elbodone

674 2597 851 2674 canonico
875 2595 1076 2675 casselensi
1105 2597 1185 2671 itm·
1204 2592 1394 2671 Gerendus
1416 2592 1649 2670 Morinorum
1676 2597 1871 2699 episeopus
1897 2596 2018 2675 locum
2044 2598 2201 2676 liberum

675 2723 882 2819 constituit,
916 2735 955 2800 et
982 2724 1022 2798 in
1050 2721 1376 2824 congregationem
1408 2721 1487 2798 sive
1520 2725 1786 2803 monasterium
1815 2737 1853 2805 et
1883 2727 2053 2805 ordinem
2086 2753 2201 2807 cano-

672 2851 840 2928 nicorum
866 2852 1091 2952 regularium
1116 2849 1301 2926 ordinavit
1325 2873 1424 2926 anno
1450 2850 1601 2926 Domini
1630 2853 1739 2932 1091.

720 2980 761 3055 Β.
782 3002 941 3080 namque
958 2980 1023 3056 lvo
1040 2977 1259 3080 praepositus
1276 2975 1418 3078 primus
1442 2979 1656 3056 monasterii
1683 2981 1721 3061 S.
1747 2983 1913 3077 Quintini
1931 2985 2073 3064 ordinis
2090 3011 2198 3064 cano·

672 3105 840 3181 uicorum
863 3107 1089 3208 regularium
1114 3107 1152 3184 S.
1181 3105 1297 3207 patris
1322 3104 1441 3181 nostri
1460 3104 1656 3207 Augustini
1683 3110 1722 3185 in
1741 3112 2020 3208 ViromanduiS,
2046 3114 2197 3191 demum

671 3235 864 3338 episcopus
894 3235 1151 3330 carnotensis,
1186 3235 1246 3312 vir
1274 3229 1423 3335 egregie
1448 3234 1615 3311 eruditus
1645 3261 1688 3312 ac
1721 3238 1824 3339 pius,
1855 3238 1996 3316 dictum
2025 3238 2195 3315 ordinem

669 3365 770 3440 omni
800 3364 978 3466 sapientia
1004 3377 1116 3467 atque
1141 3363 1263 3440 studio
1291 3359 1502 3454 illustravit,
1535 3361 1752 3442 reformavit
1778 3388 1877 3441 anno
1905 3363 2052 3441 Domini
2078 3364 2191 3443 109οι

669 3487 716 3562 de
750 3487 853 3564 cuius
887 3489 1181 3582 canonizatione,
1218 3497 1415 3567 tractatum
1451 3489 1567 3569 edidit
1601 3493 1769 3572 Clemens
1803 3505 1927 3571 sextus
1961 3495 2089 3594 (Pont.
2125 3494 2194 3590 Μ.)

670 3615 766 3691 circa
792 3640 931 3692 annum
958 3617 1073 3712 1350,
1105 3618 1186 3710 Quo
1211 3618 1348 3695 lactum
1375 3630 1494 3697 estut
1522 3629 1657 3696 extunc
1688 3619 1825 3696 mirum
1854 3617 1894 3693 in
1917 3617 2070 3694 modum
2099 3616 2193 3692 ordo

668 3745 819 3845 caeperit
856 3769 1040 3842 crescere,
1075 3748 1165 3823 viris
1202 3774 1350 3850 quoque
1387 3747 1557 3840 scientia,
1598 3747 1734 3848 gloria,
1769 3772 1813 3823 ac
1851 3747 2047 3824 sanctitate
2083 3746 2192 3822 claris

668 3873 884 3967 florescere
918 3875 968 3950 ita
997 3886 1143 3952 utnon
1174 3879 1281 3979 pauci
1308 3876 1356 3954 ad
1384 3875 1470 3952 vitae
1500 3870 1780 3950 sanctimoniam
1811 3894 1855 3947 ac
1884 3892 2068 3946 summum
2095 3893 2193 3971 pon·

668 3995 826 4075 tilicatus
861 3998 1008 4076 culmen
1042 4001 1354 4102 proveherentur:
1397 4015 1440 4082 ut
1477 4002 1640 4079 historice
1680 4001 1768 4079 satis
1803 4000 1951 4077 docent.
1988 3999 2080 4077 lnde
2113 4024 2191 4077 non

667 4151 784 4227 pauca
821 4127 985 4206 eiusdem
1031 4153 1062 4206 s.
1108 4130 1191 4206 ord.
1236 4129 1415 4211 aedificata
1454 4128 1695 4226 monasteria,
1738 4127 1810 4204 hoe
1848 4136 2017 4203 nostrum
2058 4151 2191 4204 mona·

668 4253 820 4330 sterium
853 4256 965 4332 etiam
995 4256 1064 4334 luit
1097 4257 1166 4335 sub
1199 4258 1330 4336 eodem
1362 4273 1544 4363 tempore.
1581 4260 1637 4335 De
1671 4281 1745 4361 quo
1777 4255 1851 4332 tale
1884 4255 2005 4332 adhuc
2034 4255 2191 4358 (gratias

666 4381 763 4480 Deo)
786 4383 977 4461 residuum
1001 4386 1257 4488 pertinuimus·
1271 4388 1556 4466 instrumentum
1582 4389 1622 4465 iu
1648 4386 1745 4465 hanc
1767 4385 1943 4463 formam:

713 4689 757 4762 ln
782 4689 932 4766 nomine
958 4689 996 4768 S.
1025 4702 1062 4768 et
1086 4691 1286 4770 individuae
1312 4693 1517 4771 Trinitatis:

712 4897 790 4996 Ego
816 4896 1012 4976 Gnmnnus
1037 4901 1155 5001 gratia
1179 4901 1248 4977 Dei
1276 4900 1497 4978 Morincnsis
1522 4901 1717 5003 episeopus
1742 4881 1792 4976 ob
1818 4897 2035 4975 salutemet
2063 4919 2188 4972 reme-

663 5025 764 5104 dium
794 5027 926 5106 animae
952 5053 1061 5130 meae,
1088 5030 1148 5110 vel
1177 5041 1469 5126 antecessorum,
1500 5053 1566 5106 seu
1591 5051 1844 5106 successorum
1869 5047 2056 5123 meorum,
2085 5019 2184 5125 peti-
