5132 6412
922 915 1342 994 EVERSHAMENSE.
1849 925 1898 1002 27

425 1175 534 1253 1196.
570 1175 617 1252 D.
657 1173 878 1276 praepositus
911 1173 1028 1253 istboe
1060 1171 1212 1250 laudum
1250 1171 1319 1248 sub
1348 1171 1511 1249 hobalivi
1544 1173 1746 1253 Furnensis
1779 1175 1900 1282 burgo

373 1299 510 1376 levavit
538 1309 577 1375 et
609 1300 773 1400 agnovit.
805 1297 924 1375 Habet
952 1309 1074 1376 autem
1105 1299 1174 1376 sub
1207 1324 1246 1378 se
1276 1325 1341 1378 mv
1367 1299 1579 1381 subalterna
1603 1304 1713 1382 leuda
1738 1305 1899 1386 relielvae

373 1428 594 1506 subalternae
620 1440 691 1507 etc.

423 1560 532 1639 1197.
564 1565 610 1638 D.
638 1562 799 1664 denique
828 1563 990 1639 decanus
1019 1559 1182 1639 ecclesiae
1208 1559 1483 1636 Euersamonsis
1508 1557 1672 1637 llellinus
1700 1563 1896 1640 Bommare

372 1691 441 1766 luit
463 1688 665 1767 installatus
686 1690 828 1792 primus
849 1689 953 1790 quasi
975 1691 1043 1784 D.,
1067 1686 1218 1764 nomine
1245 1695 1450 1763 conventus
1471 1685 1589 1788 posito
1618 1686 1768 1764 bomine
1795 1715 1899 1766 mor·

372 1815 436 1891 tali
465 1815 620 1910 ballivo,
651 1815 796 1892 Joanne
824 1814 1031 1893 Guilberto.

420 1947 578 2040 Quidam
611 1947 773 2023 Joannes
802 1969 876 2023 van
911 1947 1032 2048 Noyse
1064 1943 1227 2020 decanus
1260 1939 1300 2015 in
1333 1938 1470 2016 diocesi
1505 1940 1617 2019 Corn.
1652 1943 1897 2044 expostulavit

371 2099 392 2150 a
414 2084 544 2150 nostro
560 2072 759 2174 praeposito
779 2082 954 2149 annatam
976 2073 1230 2176 praepositurae
1252 2071 1541 2165 Eversumensis‚
1562 2071 1628 2148 sed
1649 2082 1778 2149 nostro
1799 2099 1898 2174 prae-

371 2201 490 2304 posito
508 2213 667 2302 negante
683 2212 849 2278 nostram
866 2200 1076 2302 hujusmodi
1096 2201 1174 2303 juri
1195 2198 1320 2275 dando
1345 2223 1426 2275 esse
1450 2199 1663 2275 adstrictam
1686 2200 1896 2298 ecelesiam,

371 2327 508 2428 scripto
533 2325 631 2404 idem
649 2326 711 2428 qui
729 2351 842 2428 supra
859 2327 1013 2428 proprio
1030 2327 1218 2405 confessus
1235 2335 1308 2421 est,
1328 2324 1638 2428 Andomaropoli,
1658 2326 1757 2403 dieto
1779 2355 1892 2424 anno,

371 2469 408 2534 et
433 2457 470 2533 in
496 2468 686 2558 posterum
711 2455 759 2533 ab
786 2457 887 2532 omni
914 2466 1049 2534 annata
1075 2457 1277 2532 immunem
1303 2474 1383 2527 esse
1411 2450 1625 2529 declaravit.

419 2585 504 2661 Fuit
528 2586 659 2687 ingens
685 2584 902 2661 inundantia
931 2595 969 2662 et
989 2584 1224 2663 vehementia
1255 2604 1339 2658 cum
1365 2589 1584 2682 tempestate
1611 2581 1822 2680 fulminum,
1852 2609 1895 2660 ae

370 2711 583 2790 nimborum
609 2713 648 2788 in
672 2737 781 2814 mayo
808 2711 918 2789 1196.

417 2840 464 2914 D.
493 2839 713 2941 praepositus
735 2838 880 2916 curavit
905 2863 1101 2917 recensere
1123 2849 1234 2941 agr'os
1259 2845 1408 2915 nostros
1430 2847 1469 2914 et
1490 2862 1580 2914 arva
1606 2835 1702 2914 1198
1728 2849 1766 2915 et
1788 2838 1850 2916 99.

417 3063 569 3140 Carolus
593 3063 858 3141 illustrissimus
883 3065 1085 3142 monarcha
1105 3063 1273 3143 Gandavi
1294 3062 1476 3158 nascitur,
1505 3061 1752 3139 Flandrorum
1779 3062 1892 3140 decus

369 3190 584 3287 maximum,
604 3192 642 3268 in
664 3190 872 3285 februario,
891 3214 990 3268 anno
1009 3189 1119 3267 1500.
1138 3189 1292 3280 Eodem,
1311 3185 1434 3262 decisa
1459 3194 1516 3261 est
1540 3185 1584 3262 lis
1601 3185 1641 3260 in
1658 3187 1892 3262 commodum

367 3318 529 3397 ecclesiae
554 3331 692 3398 nostrae
717 3319 845 3421 Bergis
865 3319 912 3396 de
939 3344 978 3396 ιν
999 3329 1037 3396 et
1058 3317 1213 3418 amplius
1234 3312 1368 3390 annuis
1388 3335 1502 3412 super
1524 3334 1615 3413 agro
1639 3311 1688 3387 50
1708 3322 1891 3388 metarum

368 3447 406 3520 in
432 3446 631 3550 Petegbem
656 3447 740 3524 sito.

417 3671 525 3748 1501.
547 3672 677 3750 Seculo
693 3670 764 3750 boe
782 3670 877 3787 malo
895 3680 933 3747 et
948 3667 1149 3747 miserabili
1167 3693 1214 3747 ex
1233 3669 1356 3747 multis
1374 3669 1653 3773 tempestatibus
1670 3670 1892 3748 addiscimus

368 3797 454 3873 hoe:

876 3895 997 3966 rDrssn
1021 3897 1193 3967 resrlnrnr
1217 3897 1382 3966 relicom.

414 4175 523 4253 1509.
556 4179 602 4254 D.
636 4177 797 4255 decanus
830 4190 957 4254 noster
987 4177 1177 4254 invenitur
1208 4178 1367 4279 scriptus
1397 4179 1435 4252 in
1465 4177 1696 4279 wateringis‚
1730 4177 1891 4278 itemque

364 4302 551 4403 professus
586 4305 747 4382 Joannes
782 4305 958 4408 Bampoel
989 4332 1016 4385 u
1047 4303 1268 4408 septembris
1299 4300 1436 4380 levavit
1469 4325 1575 4377 suum
1609 4299 1773 4376 laudum.
1807 4301 1890 4376 Non

365 4427 498 4531 legitur
523 4430 680 4533 amplius
706 4431 754 4507 de
781 4431 912 4508 eodem
938 4445 1067 4512 nostro
1094 4434 1294 4536 praeposito
1324 4430 1384 4508 vel
1408 4431 1480 4506 alio
1506 4453 1623 4530 usque
1651 4427 1764 4522 1508,
1792 4428 1892 4504 unde

364 4561 613 4640 existimamus
649 4587 733 4641 eum
767 4560 920 4660 obiisse,
957 4588 1044 4643 nam
1080 4563 1139 4643 vel
1177 4562 1360 4655 decanus,
1396 4558 1455 4636 vel
1494 4557 1686 4658 religiosus
1717 4554 1891 4658 leguntur

366 4711 514 4767 curasse
535 4689 685 4794 negotia
709 4691 939 4770 monasterii.

412 4911 521 4988 1508.
554 4916 599 4992 D.
633 4915 853 5018 praepositus
885 4917 1069 4998 Oliverius
1099 4915 1253 4994 Bouden
1283 4912 1458 4992 successit
1488 4923 1527 4990 et
1561 4909 1727 4987 interluit
1756 4933 1889 5009 aquag.

413 5034 754 5119 Eidemreliesvam
777 5041 863 5122 lecit
886 5045 932 5124 D.
961 5043 1075 5123 abbas
1099 5043 1147 5122 de
1171 5043 1307 5138 Ducis,
1335 5041 1449 5140 1509,
1478 5039 1600 5118 oblato
1626 5037 1721 5116 viro.
