5088 6418
685 852 732 927 16
1298 847 1599 926 CHRONICON

681 1105 729 1181 de
756 1104 929 1200 Telclrin,
953 1103 1148 1206 piscariam
1165 1116 1241 1182 tam
1267 1106 1306 1182 in
1331 1105 1445 1183 fluvio
1470 1107 1593 1199 Isara,
1620 1127 1730 1205 quam
1748 1100 1786 1178 in
1808 1097 2023 1202 paludibus,
2049 1107 2088 1173 et
2104 1095 2210 1174 fossis

679 1232 719 1307 in
750 1256 835 1308 eum
866 1231 1156 1326 confluentibus,
1186 1257 1297 1335 quarn
1323 1233 1401 1336 ipse
1431 1231 1583 1309 tenebat
1607 1231 1648 1306 in
1677 1228 1985 1308 Oost-Vleternes
2014 1224 2211 1326 usquead

680 1371 830 1462 pontem
855 1359 919 1462 qui
942 1371 1097 1438 vocatur
1120 1359 1354 1464 Hosbn'ppbe.
1372 1405 1422 1418 —
1443 1364 1516 1437 lste
1539 1371 1662 1439 autem
1685 1359 1878 1462 episcopus
1902 1353 2056 1434 obiitin
2076 1377 2210 1430 mona-

681 1490 794 1565 sterio
816 1487 1108 1584 Claraevallensi‚
1135 1490 1303 1592 deposito
1325 1489 1422 1592 pedo
1444 1513 1543 1567 anno
1571 1486 1679 1564 1229.
1703 1487 1758 1562 De
1777 1481 1938 1564 Walone
1968 1491 2093 1557 autem
2117 1478 2210 1555 nihil

677 1619 855 1695 hactenus
882 1620 1109 1713 audivimus‚
1138 1646 1206 1697 nec
1232 1619 1401 1724 legimus.

730 1747 777 1820 D.
807 1745 952 1820 loanna
979 1746 1180 1846 Bysantina
1205 1745 1388 1824 comitissa
1412 1746 1615 1842 Flandriae,
1641 1745 1741 1821 bona
1761 1741 1923 1820 ecclesiae
1941 1741 2152 1817 d'Eversam
2170 1737 2211 1812 in

676 1895 780 1947 suam
808 1871 969 1970 suscepit
994 1871 1262 1970 protectionem
1290 1872 1459 1973 quictans
1485 1885 1605 1950 terras
1631 1879 1858 1973 permutatas
1883 1893 1968 1944 cum
1991 1863 2136 1942 decima
2160 1861 2209 1938 de

678 2000 902 2078 Polinchove
930 1999 977 2075 de
1005 2025 1068 2075 sex
1100 1999 1274 2076 denariis.
1306 2046 1356 2060 —
1381 2003 1516 2080 Actum
1541 2000 1669 2102 Bergis
1694 2023 1793 2075 anno
1822 1997 1930 2073 1211.
1961 1995 2051 2089 Quae
2077 1990 2209 2067 eodem

679 2125 771 2201 obiit
795 2151 885 2202 non.
913 2125 1097 2221 decemb,
1127 2126 1221 2204 iacet
1245 2129 1388 2229 sepulta
1409 2131 1601 2207 Markettae
1624 2130 1663 2205 in
1688 2127 1849 2204 claustro
1874 2149 2046 2203 sororum
2071 2120 2210 2198 Cister-

676 2251 855 2327 ciensium
872 2251 972 2353 quod
995 2264 1149 2329 vocatur
1166 2281 1188 2329 a
1205 2255 1469 2357 cantipratano
1494 2256 1558 2332 lib.
1578 2258 1621 2352 2,
1647 2255 1747 2358 apud
1770 2281 1803 2333 c.
1827 2255 1891 2330 111
1916 2248 2207 2328 Reclinatorium

678 2381 719 2456 Β.
747 2380 797 2454 Μ.
1096 2380 1141 2454 1).
1170 2382 1268 2458 W..
1292 2441 1301 2458 .
1325 2437 1334 2457 .
1358 2440 1400 2462 ..
1428 2410 1545 2487 praep.
1573 2386 1702 2461 Evers.
1731 2406 1829 2459 anno
1857 2374 2103 2482 1252111111).

725 2509 856 2585 Decisa
888 2521 946 2585 est
983 2509 1152 2610 quaedam
1192 2508 1236 2585 lis
1273 2510 1321 2587 ab
1359 2511 1527 2606 arbitris,
1568 2535 1650 2613 quae
1684 2521 1766 2586 erat
1799 2509 1897 2584 inter
1935 2503 2125 2582 ecclesiam
2159 2503 2207 2578 de

677 2636 853 2709 Eversam
879 2646 916 2709 et
942 2634 1145 2711 Adelissam
1174 2635 1222 2710 de
1248 2637 1547 2717 DostVleternes
1573 2662 1685 2740 super
1715 2635 1911 2711 medietate
1937 2632 2104 2735 piscariae
2129 2642 2207 2707 tam

679 2763 850 2840 aestivalis
874 2788 985 2864 quam
1012 2764 1190 2866 hyemalis
1215 2765 1255 2841 111
1278 2765 1584 2844 Dost-Vleternes
1610 2777 1649 2840 ct
1673 2788 1784 2863 super
1806 2761 1991 2863 malvagio
2016 2759 2206 2837 cuiusdam

677 2894 880 2971 molendini
898 2895 1005 2972 dictae
1022 2897 1184 2974 ecclesiae
1207 2898 1267 2974 siti
1284 2900 1323 2974 in
1339 2895 1513 2975 Wostina
1529 2917 1659 2970 versus
1675 2889 1923 2992 Poperingbe.
1945 2887 2014 2980 Qui
2037 2887 2087 2962 ita
2104 2886 2207 2963 deci-

677 3018 831 3113 derunt,
863 3033 973 3122 atquc
999 3033 1124 3123 partes
1150 3025 1432 3101 convenierunt.
1465 3019 1604 3097 Utilia
1633 3016 1871 3093 renunciaret
1901 3015 2002 3090 omni
2027 3014 2105 3115 juri
2136 3037 2203 3089 suo

677 3147 716 3222 in
742 3147 899 3246 piscaria
924 3159 962 3224 et
987 3148 1174 3226 conferret
1198 3159 1318 3227 totum
1343 3151 1381 3226 in
1403 3149 1692 3246 eleemosynam:
1712 3137 1968 3216 molendinum
1984 3148 2107 3214 autem
2132 3136 2205 3212 alio

675 3273 757 3349 loco
783 3285 998 3375 poneretur.
1027 3275 1171 3352 Deinde
1204 3277 1473 3356 ordinaverunt
1501 3287 1543 3354 ut
1572 3270 1757 3374 particeps
1792 3267 1852 3344 illa
1883 3265 1990 3346 fieret
2020 3267 2204 3343 bonorum

675 3426 758 3506 quae
774 3400 949 3503 deinceps
966 3402 1004 3477 in
1023 3403 1175 3480 ecelesia
1193 3429 1214 3480 a
1232 3407 1419 3482 canonicis
1436 3405 1584 3500 fierent,
1604 3415 1642 3480 et
1658 3403 1811 3503 insuper
1829 3413 1868 3477 ut
1883 3401 1961 3476 cius
1978 3399 2205 3476 aniversaria

674 3529 805 3604 mortis
830 3529 927 3623 dics,
959 3529 1126 3606 similiter
1156 3542 1194 3608 et
1223 3535 1339 3632 patris
1366 3546 1404 3608 et
1431 3535 1560 3610 matris
1589 3529 1842 3608 scriberentur
1874 3527 1912 3604 in
1939 3527 2204 3630 martyrologio

675 3679 760 3730 curn
785 3655 1022 3731 aniversariis
1045 3655 1322 3735 canonicorum.
1343 3662 1475 3736 Actum
1501 3685 1600 3736 anno
1626 3658 1774 3736 Domini
1802 3657 1918 3752 1218,
1946 3681 2072 3733 mense
2091 3657 2202 3750 junii.

675 3783 790 3859 Huius
819 3783 995 3860 Adclissae
1032 3787 1155 3861 mariti
1189 3812 1326 3864 nomen
1364 3800 1445 3864 erat
1477 3791 1639 3865 loannes
1673 3785 1720 3862 de
1754 3785 2010 3888 lleninghelst.
2046 3785 2205 3864 Nomina

673 3911 829 3987 istorum
863 3911 1029 3987 nondum
1069 3913 1290 3991 invenimus.
1327 3914 1516 4016 Agebatur
1550 3916 1701 4020 quidem
1735 3916 1915 3993 memoria
1948 3915 2204 3993 anniversaria

675 4039 831 4116 Adelisae
847 4052 885 4118 et
902 4041 1061 4122 Walteri
1085 4042 1132 4118 de
1157 4043 1282 4119 Locris
1305 4069 1389 4132 cum
1411 4044 1553 4122 liberali
1574 4045 1827 4145 eleemosyna,
1850 4043 1916 4120 sed
1940 4043 1975 4118 ei
1999 4068 2205 4144 cognomen

674 4180 755 4250 erat
784 4169 832 4244 de
862 4171 1055 4272 Reninghe
1085 4183 1122 4248 et
1151 4170 1280 4248 debuit
1307 4173 1443 4248 vixisse
1469 4174 1568 4249 circa
1593 4199 1680 4249 ann.
1711 4171 1770 4250 vel
1803 4173 1898 4250 1127
1925 4171 1985 4249 vel
2013 4173 2127 4268 1177,
2159 4198 2204 4248 10

674 4299 774 4401 quod
808 4300 886 4376 istis
919 4301 1026 4376 annis
1060 4299 1124 4377 liat
1158 4301 1297 4376 mentio
1332 4301 1435 4381 istius
1468 4301 1626 4381 Walteri
1661 4301 1708 4377 de
1745 4301 1889 4394 Locris3
1926 4300 2069 4377 accedit
2103 4301 2204 4403 quod

675 4428 791 4503 codex
822 4427 882 4503 ille
909 4429 948 4502 in
972 4453 1047 4531 quo
1076 4429 1145 4504 ista
1172 4429 1351 4504 memoria
1377 4440 1433 4506 est
1456 4429 1611 4532 scripta,
1639 4431 1810 4510 videatur
1835 4443 2008 4510 exaratus
2035 4431 2205 4508 1111111110

673 4555 784 4656 plane
817 4557 1050 4652 monasterii,
1087 4569 1125 4637 et
1158 4557 1309 4634 demum
1343 4558 1445 4664 quod
1481 4558 1542 4637 hic
1575 4571 1716 4650 terras,
1752 4585 1829 4636 non
1865 4559 2062 4660 piscariam
2095 4557 2203 4634 nobis

674 4681 958 4774 0001011111,οι
987 4709 1034 4759 ex
1064 4685 1197 4760 eodem
1222 4682 1349 4759 codice
1373 4685 1565 4783 discimus,
1593 4689 1742 4792 quando
1773 4690 1878 4770 dicit:
1913 4691 2027 4766 Extra
2057 4699 2204 4790 portam

672 4810 785 4888 vadat
817 4811 1004 4912 processio
1038 4837 1155 4915 usque
1187 4824 1327 4888 terram
1357 4810 1522 4892 Adelisae'
1543 4827 1580 4890 et
1613 4815 1664 4895 ibi
1689 4814 1835 4918 legatur
1873 4813 2104 4916 evangelium
2140 4812 2205 4898 ubi

672 4937 814 5024 solebat
843 4963 924 5018 esse
952 4963 1058 5017 crox.
1087 4941 1197 5022 Anno
1226 4937 1374 5017 Domini
1405 4965 1443 5022 11.
1477 4965 1534 5024 ce.
1565 4967 1631 5040 11,
1664 4969 1704 5026 111
1734 4942 1807 5030 kal.
1843 4942 1937 5026 lebr.
1969 4942 2205 5028 intraverunt
