5132 6412
681 897 727 976 18
1288 905 1596 985 61111οΝ16οΝ

679 1159 879 1240 donatione
903 1187 1079 1265 agrorum
1101 1174 1138 1240 et
1153 1163 1381 1242 deeimarum
1402 1165 1442 1242 13
1464 1163 1658 1244 Fromellis
1681 1163 1789 1246 1516.
1814 1167 1861 1242 Et
1881 1163 2087 1264 Gererdus,
2105 1191 2204 1268 pre·

680 1289 819 1390 positus
832 1292 1073 1390 WatinensiS,
1092 1293 1227 1372 latetur
1243 1294 1379 1374 vidisse
1396 1321 1437 1374 se
1453 1296 1596 1375 litteras
1613 1294 1704 1372 Adae
1722 1293 1900 1397 episcopi,
1918 1291 1967 1370 de
1984 1293 2145 1372 Pisearia
2156 1340 2205 1356 -

680 1418 823 1496 eodem.
839 1422 931 1497 Item
949 1447 1104 1524 magnus
1118 1423 1241 1501 denuo
1252 1423 1321 1502 1311
1333 1435 1442 1503 aestus
1455 1425 1583 1503 oceani
1596 1445 1665 1528 per
1682 1423 1896 1502 Flandriam
1910 1424 2021 1502 1520.
2039 1425 2202 1504 loannes

678 1547 729 1624 du
761 1551 881 1628 Breuc
915 1563 952 1628 et
984 1553 1146 1631 Joannes
1175 1553 1348 1632 Avoecke
1380 1553 1622 1633 inveniuntur
1655 1553 1725 1630 sub
1758 1552 1880 1655 lapide
1909 1552 2131 1654 sepulchrali
2162 1553 2202 1628 in

678 1689 807 1753 nostro
833 1680 990 1781 templo,
1022 1707 1107 1757 cum
1132 1682 1308 1785 inscripta
1336 1682 1571 1779 fundatione,
1599 1683 1665 1760 sed
1694 1683 1801 1785 parvi
1828 1682 2019 1759 momenti.
2045 1681 2199 1777 Eodem,

676 1807 897 1886 Benedictus
921 1812 963 1884 P.
993 1812 1061 1886 Xll
1090 1811 1215 1889 divisit
1240 1810 1464 1889 monasteria
1492 1811 1757 1890 canonicorum
1785 1809 2013 1912 regularium
2042 1809 2081 1885 in
2111 1833 2201 1910 pro·

676 1933 834 2028 vincias;
853 1935 1071 2014 Rhemensis
1094 1950 1132 2015 et
1156 1941 1381 2019 Senonensis
1404 1965 1474 2043 pro
1491 1967 1566 2020 333
1590 1952 1647 2020 est
1668 1952 1817 2020 statuta.
1836 1939 1914 2019 Sub
1933 1965 2008 2043 qua
2031 1951 2201 2018 nostrum

677 2063 716 2139 in
741 2062 798 2140 his
818 2063 882 2142 liat
903 2068 1102 2170 capitulum
1123 2071 1172 2147 de
1192 2070 1437 2173 quadriennio
1461 2069 1497 2146 in
1521 2069 1807 2173 quadriennium
1828 2069 1945 2145 Penn.
1970 2068 2058 2164 11,
2082 2094 2115 2143 3.
2139 2067 2197 2144 15.

677 2190 842 2270 Tandem
876 2196 1034 2296 predicti
1066 2200 1229 2275 eremitae
1264 2224 1349 2277 3333
1384 2196 1657 2276 conditionibus
1690 2196 1738 2274 ab
1776 2195 1909 2274 abbate
1943 2207 1981 2274 et
2013 2197 2199 2274 canonicis

676 2317 761 2394 Caeli
796 2323 920 2419 aurei,
955 2337 1042 2400 sunt
1074 2326 1242 2422 admissi,
1278 2351 1376 2403 3333
1414 2324 1563 2402 Domini
1599 2351 1640 2404 n.
1676 2349 1757 2404 cuc,
1793 2351 1901 2421 xxxi,
1938 2326 2056 2402 Penn.
2093 2324 2119 2402 l.
2154 2325 2195 2421 2,

675 2473 708 2522 3.
737 2448 804 2543 62,
832 2475 872 2528 n.
899 2476 951 2528 vr.

724 2577 804 2650 Ilm·
822 2580 1015 2681 episeopus
1032 2582 1304 2660 Attrebatensis
1319 2587 1451 2661 Petrus
1468 2583 1655 2662 confessus
1671 2591 1740 2677 est,
1759 2581 1847 2660 dato
1864 2580 2026 2685 desuper
2042 2585 2195 2687 scripto,

674 2701 775 2802 quod
799 2704 847 2780 de
872 2705 952 2782 iure
975 2731 1041 2782 suo
1065 2709 1264 2810 episcopali
1285 2709 1377 2787 nibil
1401 2721 1529 2810 petere
1552 2711 1670 2814 possit
1693 2738 1716 2789 a
1740 2711 1920 2815 religiosis
1936 2713 2027 2792 viris
2048 2739 2196 2817 praepo·

665 2830 743 2905 'sito
774 2842 812 2907 et
837 2847 1023 2912 conventu
1049 2838 1305 2915 Euersamensi
1330 2841 1528 2941 (praeteri)
1553 2840 1854 2941 procurationem
1875 2840 1953 2920 sive
1981 2854 2126 2943 pastum
2156 2844 2194 2919 in

672 2958 784 3034 domo
824 2973 969 3058 333133,
1009 2964 1086 3041 sive
1124 2967 1162 3040 in
1202 2969 1377 3068 parochia
1414 2970 1461 3046 de
1495 2969 1706 3048 Fromellis:
1747 2970 1899 3072 singulis
1939 2972 2029 3071 (sic)
2069 2985 2194 3051 tamen

669 3112 781 3164 unam
811 3089 997 3168 debebant
1025 3096 1143 3171 nostri
1173 3096 1203 3172 si
1232 3098 1477 3199 personaliter
1505 3099 1677 3176 adveniat
1706 3110 1874 3175 nostrum
1904 3099 2187 3193 monasterium,

670 3240 769 3291 anno
810 3218 918 3297 1511.
951 3219 1138 3323 Acqnisita
1173 3235 1259 3300 sunt
1297 3227 1522 3304 monasterio
1559 3237 1708 3323 nostro,
1748 3227 1904 3305 diversis
1942 3230 2067 3324 annis,
2103 3254 2193 3307 arva

669 3355 707 3420 et
730 3371 862 3426 census
887 3352 1019 3449 33331,
1046 3353 1203 3432 aliorum
1228 3354 1298 3431 sub
1322 3358 1493 3460 nomine,
1520 3381 1620 3442 anno
1647 3356 1764 3450 1515,
1792 3355 1860 3450 bb,
1887 3354 1953 3451 66,
1981 3356 2048 3452 61,
2076 3355 2136 3434 66.

717 3475 809 3552 nem
848 3478 893 3553 n.
935 3460 1145 3557 30303000·
1177 3482 1389 3584 Regnator,
1430 3486 1590 3563 vionius
1631 3488 1678 3564 3.
1718 3484 1899 3562 enarraret
1942 3485 2191 3563 0003330003

667 3601 954 3700 attrebatensis,
982 3609 1178 3686 cardinalis
1209 3613 1246 3688 S.
1275 3612 1375 3689 Petri
1404 3613 1453 3690 ad
1476 3614 1641 3707 vincula,
1669 3625 1816 3690 mortuo
1842 3626 1989 3714 pastore
2019 3615 2066 3690 de
2098 3617 2192 3691 For-

666 3728 801 3824 mellis,
829 3732 1035 3810 arrestabat
1063 3737 1203 3815 fructus
1228 3750 1265 3815 et
1291 3741 1539 3818 emolumenta
1562 3741 1745 3837 eiusdem,
1774 3743 1838 3816 sed
1866 3741 2035 3818 obstante
2062 3754 2190 3818 nostro

665 3859 884 3959 praeposito,
913 3874 1040 3963 postea
1069 3865 1264 3944 doctorum
1291 3869 1458 3945 virorum
1490 3869 1699 3946 testimonio
1730 3867 1947 3946 informatus
1974 3869 2191 3972 recognovit

664 3985 801 4086 scripto
828 4011 895 4064 suo
920 4001 957 4066 et
980 3992 1097 4093 sigillo
1121 3995 1222 4096 quod
1242 3997 1340 4073 idem
1363 3999 1581 4100 prepositus
1604 4009 1699 4074 esset
1722 3998 1762 4073 13
1784 3996 1937 4097 pacifica
1959 3999 2189 4101 possessione

641 4113 809 4193 'levandi
849 4131 887 4194 et
919 4123 1088 4222 capiendi
1123 4123 1222 4202 bona
1255 4127 1292 4201 in
1328 4125 1438 4201 domo
1473 4127 1585 4203 curiae
1624 4126 1671 4202 de
1704 4127 1915 4220 Formellis3
1957 4129 2040 4203 ideo
2059 4219 2063 4226 Ι
2080 4128 2187 4204 dictis

662 4254 699 4318 et
725 4244 829 4322 sactis
855 4249 1050 4325 contrariis
1076 4253 1293 4353 supersedet
1317 4277 1360 4330 33
1385 4253 1542 4351 destitit,
1572 4280 1671 4332 3333
1698 4282 1739 4333 3.
1762 4259 1844 4335 333.
1872 4283 2001 4335 xnvnr.

709 4376 827 4451 Porro
853 4377 1098 4475 (1631363333,
1122 4382 1340 4484 praepositus
1364 4384 1531 4478 Loensis,
1560 4408 1622 4461 eas
1646 4384 1787 4461 litteras
1808 4411 1848 4462 se
1871 4387 2007 4464 vidisse
2032 4397 2184 4463 testatus

660 4512 716 4576 est
732 4503 870 4604 scripto
896 4531 962 4582 suo
989 4508 1075 4586 dato
1101 4521 1137 4587 et
1163 4510 1300 4614 sigillo,
1327 4537 1426 4589 anno
1448 4538 1488 4590 n.
1513 4537 1593 4591 ccc.
1613 4539 1722 4609 xnrx,
1746 4515 1829 4591 stilo
1847 4540 1958 4592 novo.
1990 4513 2184 4592 Horribilis

658 4640 793 4707 ventus
823 4645 932 4708 nocet
964 4636 1182 4714 animalibus
1212 4665 1254 4715 ac
1282 4639 1446 4717 aedificiis
1476 4652 1578 4718 terra
1606 4645 1793 4743 marique,
1825 4645 1864 4720 in
1897 4644 2050 4741 martio,
2083 4669 2180 4721 anno

661 4757 769 4832 1565.

706 4889 752 4963 D.
772 4889 990 4968 Franciseus
1015 4893 1062 4970 de
1084 4895 1340 4974 Haveskercla
1365 4899 1501 5000 legavit
1524 4901 1748 4978 monasterio
1774 4903 1821 4979 de
1837 4905 2013 4980 Euersam
2031 4902 2180 4978 nomine

653 5011 811 5117 Philippi
845 5018 961 5118 patris
995 5021 1050 5097 331
1084 5033 1122 5100 31
1153 5025 1299 5121 matris,
1330 5038 1367 5103 et
1397 5027 1556 5106 dominae
1590 5031 1638 5109 de
1672 5031 1932 5134 Formengies,
1964 5057 2083 5110 xxvm
2115 5030 2178 5107 lib.
