5132 6412
658 942 708 1017 48
1269 937 1570 1015 CHRONICON

652 1195 827 1300 quoniam
859 1195 929 1296 ipsi
959 1217 1048 1270 cura
1077 1203 1133 1268 est
1161 1192 1209 1270 de
1238 1191 1364 1288 nobis,
1400 1195 1584 1295 piscantes
1617 1193 1655 1267 in
1691 1205 1819 1269 nostro
1849 1192 1904 1267 Fl.
1943 1194 2061 1288 Isara,
2098 1218 2172 1270 uno

651 1335 772 1400 tractu
798 1322 888 1398 retis
912 1321 1075 1415 maioris,
1095 1319 1352 1421 prendidimus
1370 1321 1602 1398 innumeram
1620 1322 1775 1424 piscium
1800 1323 1986 1399 minorum
2006 1322 2174 1399 multitu·

652 1455 793 1530 dinem:
820 1476 906 1527 nam
928 1461 1064 1553 praeter
1084 1449 1336 1552 provisionem
1357 1447 1465 1524 nobis
1488 1450 1733 1526 necessariam
1751 1451 1933 1552 perduos
1959 1461 1996 1526 et
2018 1449 2173 1552 amplius

652 1605 815 1676 menseS,
841 1590 977 1681 praeter
1000 1577 1122 1654 adhuc
1147 1576 1236 1654 alios
1265 1576 1313 1654 ad
1339 1578 1476 1654 amicos
1499 1576 1571 1654 huc
1593 1577 1677 1654 illuc
1707 1578 1855 1672 missos
1880 1579 2057 1680 datosque
2081 1605 2174 1680 pau-

651 1710 820 1813 peribus,
839 1707 1073 1785 vendidimus
1100 1716 1258 1807 quatuor
1276 1716 1313 1781 et
1338 1706 1468 1808 viginti
1490 1708 1691 1802 corbonas‚
1720 1707 1921 1808 exquibus
1943 1706 2167 1782 confecimus
2226 1719 2231 1728 '

652 1838 809 1941 amplius
837 1863 889 1913 ιιι
918 1834 982 1910 lib.
1016 1834 1147 1911 Fland.
1178 1857 1256 1909 non
1285 1833 1436 1936 quidem
1468 1835 1654 1930 lucrandi,
1687 1836 1753 1910 sed
1782 1835 1982 1935 adjuvandi
2010 1835 2170 1938 proximi

657 1967 787 2068 gratia.

1110 2079 1317 2146 lelncrUn
1340 2077 1437 2146 DsUs
1460 2079 1607 2146 srLUrls
1633 2082 1725 2148 lllsn.

706 2328 857 2404 Eodem.
878 2324 1080 2403 AEdificatae
1103 2325 1235 2401 domus
1259 2325 1342 2402 duae
1367 2326 1587 2423 censuariae,
1615 2329 1736 2431 prima
1759 2327 1807 2404 ad
1830 2327 1964 2405 molam
1989 2341 2170 2425 nostram,

658 2458 774 2535 altera
799 2458 838 2534 in
864 2456 1027 2550 Stavela‚
1052 2481 1163 2558 quam
1188 2454 1344 2533 rubeam
1369 2469 1523 2551 vocant,
1549 2455 1598 2532 ob
1622 2455 1778 2558 togulas.

705 2587 856 2664 Eodem.
876 2589 1072 2665 Venerunt
1096 2587 1168 2661 huc
1194 2585 1269 2661 duo
1296 2586 1462 2661 canonici
1489 2583 1676 2662 caohedrae.
1701 2582 1861 2660 ecclesiae
1887 2585 2049 2687 iprensis
2073 2585 2176 2686 paci-

658 2715 794 2791 ficandi
832 2713 1022 2813 religiosos
1055 2738 1140 2788 cum
1176 2713 1375 2815 praeposito
1409 2715 1545 2815 gratia,
1581 2715 1620 2789 in
1649 2714 1755 2815 junio
1788 2717 1830 2790 ln
1861 2714 1967 2815 juliio
2000 2714 2175 2790 frumenti

660 2844 807 2920 caritas.

709 2973 799 3046 Duae
829 2971 1005 3047 moniales
1035 2997 1056 3047 e
1082 2971 1217 3048 clostro
1244 2996 1415 3048 sororum
1440 2973 1464 3047 5
1494 2973 1635 3049 ordinis
1665 2975 1703 3050 S.
1731 2973 1916 3048 Francisci
1944 2971 2171 3066 Dunkcrkae,

659 3100 719 3176 hic
752 3099 951 3176 existentes
984 3111 1234 3178 narraverunt
1271 3101 1452 3202 insignem
1485 3113 1524 3178 et
1560 3100 1795 3176 indelebilem
1829 3101 1928 3203 apud
1962 3101 2059 3202 ipsas
2096 3125 2176 3176 esse

660 3229 876 3304 memoriam
893 3229 1226 3326 Eversamensium,
1245 3242 1421 3332 tanquam
1443 3229 1683 3332 singularium
1701 3230 1991 3325 benefactorum,
2011 3255 2056 3305 eo
2074 3228 2175 3331 quod

660 3358 809 3459 quidam
834 3359 1052 3461 praepositus
1077 3360 1144 3458 (de
1168 3385 1242 3463 quo
1265 3361 1396 3463 supra)
1422 3358 1618 3436 donaverit
1645 3357 1697 3433 eis
1723 3357 1822 3460 ligna
1846 3369 1975 3459 parata
2003 3359 2052 3432 ad
2079 3368 2178 3432 tecta

660 3488 787 3589 templi
820 3501 857 3565 et
884 3488 1069 3564 relectorii
1100 3514 1227 3566 earum
1258 3499 1330 3565 etc.
1362 3486 1521 3564 mirabili
1553 3487 1688 3563 divinae
1719 3486 1894 3562 bonitatis
1922 3485 2049 3562 lavore
2080 3509 2178 3588 prae-

661 3617 822 3692 monitus
847 3617 895 3692 de
920 3617 1084 3694 adventu
1109 3643 1281 3695 sororum
1306 3617 1509 3694 earundem
1536 3615 1664 3691 matris
1689 3613 1854 3716 Virginis
1881 3625 2029 3690 sanctae.

711 3744 862 3818 Eodem.
883 3744 927 3820 ll.
948 3747 992 3820 D.
1013 3746 1176 3846 lprensis
1196 3746 1295 3823 diem
1313 3745 1403 3822 obiit
1419 3757 1627 3824 extremum
1650 3744 1710 3821 die
1729 3745 1766 3819 S.
1783 3744 1958 3820 Andreae:
1982 3767 2050 3843 pro
2074 3743 2177 3843 cnjus

664 3869 784 3945 anima
811 3870 1054 3971 persolvimus
1081 3873 1176 3950 offic.
1206 3900 1247 3950 nr
1273 3873 1357 3950 lect.
1385 3875 1532 3950 missam
1559 3887 1596 3950 et
1621 3874 1830 3950 commend.

715 3997 825 4075 1627.
861 4000 907 4074 R.
942 4003 983 4075 P.
1021 4002 1232 4078 Bernardus
1267 4001 1374 4100 (alias
1405 4001 1594 4100 Nicolaus)
1628 4001 1812 4104 Philippet
1842 4000 1959 4076 nostri
1994 3998 2182 4100 quondam

663 4152 745 4203 can.
777 4127 1009 4218 monasterii,
1041 4128 1196 4204 obiitin
1224 4130 1381 4207 Domino
1404 4132 1537 4235 Brugis
1563 4133 1781 4233 capucinuS,
1809 4131 1852 4207 tl
1887 4128 2082 4205 februarii:
2113 4152 2182 4230 pro

664 4257 769 4357 cujus
794 4255 927 4332 animae
952 4257 1146 4359 refrigerio
1173 4258 1416 4360 persolvimus
1441 4260 1536 4336 offic.
1565 4259 1651 4336 dell.
1681 4270 1722 4335 ut
1747 4283 1871 4361 supra.

712 4384 865 4461 Eodem.
889 4385 933 4458 D.
957 4388 1088 4461 Petrus
1117 4412 1188 4462 van
1215 4385 1282 4462 der
1304 4387 1445 4464 Tombe
1468 4389 1607 4466 litteras
1633 4415 1655 4465 a
1680 4388 1831 4466 domino
1854 4388 2052 4490 praeposito
2078 4385 2184 4488 petiit

664 4525 701 4590 et
726 4513 891 4590 obtinuit
911 4517 1195 4615 presentationis
1225 4516 1272 4592 ad
1299 4527 1527 4619 pastoratum
1556 4518 1603 4593 de
1633 4519 1775 4593 Oeren:
1808 4515 1872 4592 ubi
1903 4516 1962 4592 vir
1988 4514 2070 4614 pius
2095 4512 2184 4588 reli-

664 4642 787 4742 giosus
816 4643 853 4717 S.
882 4642 1055 4742 Apollon.
1085 4642 1331 4746 indulgentias
1357 4646 1562 4747 plenariaS,
1589 4647 1732 4749 aliaque
1755 4648 1853 4724 bona
1880 4656 2043 4748 praestat.

711 4771 863 4847 Eodem.
898 4773 1171 4848 Pernoctarunt
1198 4773 1257 4849 hic
1283 4774 1480 4851 reverendi
1509 4786 1632 4875 patres
1663 4775 1846 4851 societatis
1874 4774 1963 4849 lesu
1991 4770 2185 4872 Bergensis

666 4897 851 4974 Oliverius
869 4899 1009 4974 Bonart
1025 4911 1063 4974 et
1079 4901 1240 4977 loannes
1258 4901 1434 4977 Batenus:
1456 4902 1516 4979 hic
1536 4905 1737 4980 sanctitatis
1755 4903 1930 5006 opinione
1948 4899 2053 4995 obiit,
2074 4900 2185 4992 loom

664 5025 723 5108 ille
754 5027 932 5106 doctrinae
958 5039 994 5103 et
1021 5027 1202 5106 librorum
1228 5030 1324 5108 lama
1350 5027 1483 5106 clarus.
1512 5032 1691 5110 Dominus
1717 5029 1936 5140 praepositus
1964 5039 2091 5108 noster
2119 5027 2185 5106 ivit
