5132 6412
932 884 1357 965 nvunsttattunsu.
1866 895 1913 972 ts

383 1148 475 1249 sugit
508 1149 545 1223 in
589 1146 757 1224 Galliam.
794 1143 936 1220 Dicitur
969 1166 1069 1219 nunc
1102 1142 1170 1241 (ll
1204 1143 1310 1242 maii)
1345 1165 1425 1219 esse
1458 1143 1637 1220 Doloniae:
1679 1148 1828 1248 quidam
1865 1149 1912 1228 de

384 1276 483 1353 clero
509 1277 789 1370 nominabatur,
822 1274 888 1351 sed
915 1297 1029 1376 quum
1055 1282 1197 1348 certum
1225 1295 1302 1348 non
1330 1282 1405 1369 est,
1434 1297 1570 1350 nomen
1594 1276 1816 1354 subticetur.

431 1401 583 1479 Eodem.
617 1399 837 1478 Benedictus
871 1409 949 1501 opt.
977 1399 1091 1474 Deus.
1126 1398 1204 1472 lloc
1237 1423 1335 1475 anno
1369 1401 1557 1503 processio
1592 1403 1813 1481 Stavelensis
1847 1407 1907 1480 in·

383 1531 496 1607 travit
510 1530 682 1608 sacellum
695 1541 863 1608 nostrum
878 1527 928 1604 ibi
942 1528 1135 1603 intonante
1147 1536 1276 1601 nostro
1290 1532 1456 1615 cantore,
1472 1524 1669 1626 hymnum:
1686 1529 1780 1602 Veni
1795 1527 1909 1605 Crea-

384 1661 458 1747 tor,
477 1652 565 1729 dein
582 1655 749 1730 oratione
767 1679 810 1728 ac
826 1653 976 1728 demum
993 1649 1118 1728 habita
1135 1654 1313 1728 concione
1330 1677 1352 1728 a
1369 1653 1414 1729 R.
1428 1655 1470 1730 P.
1482 1653 1599 1729 Pours
1617 1655 1758 1750 recoll,
1778 1656 1905 1735 abivit.

434 1780 501 1856 Die
526 1782 682 1882 injurii
707 1807 803 1859 unus
825 1781 999 1858 enostris
1025 1782 1204 1884 religiosis
1228 1782 1451 1858 Dixmudam
1474 1782 1540 1859 ivit
1567 1766 1910 1885 quaesitom'saeras

384 1910 557 2010 reliquias
591 1911 718 1987 missas
748 1935 815 2013 per
849 1909 1036 2012 quandam
1070 1909 1252 2010 virginem
1286 1932 1308 1981 a
1337 1908 1382 1983 R.
1421 1909 1465 1983 D.
1499 1907 1677 1984 Juvenale
1711 1911 1906 2011 capucino,

386 2037 433 2111 ad
460 2037 649 2138 religiosos
680 2039 718 2114 S.
753 2036 892 2114 Nicolai
923 2036 1062 2112 ibidem
1090 2045 1292 2112 morantes.

434 2165 585 2242 Eodem.
607 2169 678 2242 Pro
696 2164 829 2268 pluviae
847 2165 1041 2264 refrigerio
1055 2164 1160 2264 jussu
1171 2162 1238 2238 R¹¹¹¹
1253 2165 1369 2240 nostri
1382 2164 1491 2266 lpris,
1508 2165 1654 2240 indictae
1671 2165 1910 2266 supplicatio-

386 2313 452 2366 nes
469 2289 644 2391 publicae,
664 2287 870 2391 bebitaeque
891 2300 977 2365 sunt
997 2313 1065 2390 per
1085 2288 1198 2368 urbes
1216 2303 1253 2368 et
1269 2293 1443 2371 diecesim
1460 2294 1568 2370 valde
1590 2295 1746 2389 devotae,
1768 2323 1793 2372 u
1807 2298 1906 2397 julii:

386 2427 424 2490 et
462 2416 595 2493 exinde
628 2425 693 2493 adr
727 2415 787 2494 vel
820 2416 961 2492 aridam
999 2415 1165 2519 pluvioso
1200 2419 1319 2498 imbre
1357 2423 1508 2524 rigavit,
1545 2423 1603 2498 vel
1638 2423 1736 2500 nube
1772 2451 1910 2526 aquosa

387 2546 615 2624 refocillavit.
644 2546 863 2624 Benedictus
890 2558 968 2647 opt.
998 2550 1097 2624 Deos
1124 2548 1162 2623 in
1189 2545 1360 2624 omnibus
1387 2559 1425 2622 et
1451 2573 1519 2647 per
1545 2548 1681 2624 omnia.
1711 2551 1844 2627 Amen.

435 2683 587 2759 Eodem.
620 2681 809 2758 Consensu
840 2681 1076 2758 dominorum
1103 2685 1332 2784 presentium
1361 2683 1409 2760 de
1438 2681 1598 2784 capitulo
1629 2682 1772 2760 oblatus
1802 2683 1909 2762 libel-

388 2811 444 2887 lus
486 2810 641 2913 supplex
680 2822 736 2887 est
778 2811 853 2885 ΒΜ
894 2821 1022 2887 nostro
1065 2814 1209 2914 lprensi
1247 2823 1428 2914 quatenus
1467 2823 1676 2888 contractus
1720 2813 1911 2892 locationis

387 2941 612 3017 decimarum
640 2942 687 3018 de
712 2940 904 3017 Formellis
930 2938 1064 3016 abhinc
1090 2965 1131 3016 ur
1158 2939 1280 3040 paullo
1311 2939 1432 3016 minus
1456 2939 1585 3031 annis,
1613 2940 1712 3014 inter
1735 2941 1781 3016 D.
1811 2966 1909 3042 prae·

388 3071 546 3172 positum
572 3082 611 3146 et
634 3072 679 3146 D.
710 3069 902 3145 Claudium
927 3069 1118 3170 d’Ognies,
1145 3069 1284 3145 dictum
1313 3070 1360 3145 de
1386 3068 1592 3170 Coupigny,
1619 3069 1806 3146 advitam
1832 3073 1909 3171 ejus

387 3213 424 3277 et
440 3201 533 3280 duos
551 3227 667 3277 annos
684 3213 768 3303 post
784 3211 942 3277 mortem
960 3198 1100 3276 domini
1114 3199 1316 3299 praepositi,
1335 3196 1590 3290 annularetur,
1615 3197 1675 3272 die
1692 3199 1731 3272 S.
1744 3197 1909 3274 Anacleti

388 3334 428 3406 P.
459 3343 496 3408 et
521 3332 572 3406 M.
605 3328 670 3406 sed
694 3327 843 3404 videtur
870 3337 997 3426 postea
1018 3334 1199 3399 mutatum
1225 3321 1431 3399 consilium.

434 3462 587 3539 Eodem.
603 3463 646 3536 D.
665 3458 874 3534 Anthonius
892 3456 1079 3533 Sanderus
1096 3480 1178 3531 can.
1193 3451 1355 3556 lprensis
1373 3451 1494 3526 attulit
1511 3448 1696 3525 scedulam
1713 3453 1911 3529 continen-

324 3615 329 3626 ·
385 3603 460 3667 tem
481 3587 688 3690 sequentia:
710 3585 833 3662 Series
854 3582 1154 3686 praepositorum:
1176 3583 1332 3676 Quando
1354 3580 1504 3681 caeperit
1525 3579 1692 3656 ecclesiaz
1714 3581 1803 3673 Quis
1826 3583 1912 3659 lun-

385 3718 509 3794 dator:
531 3717 601 3810 Qui
619 3713 795 3819 praecipui
812 3713 1082 3790 benefactores:
1103 3713 1169 3788 Cui
1187 3713 1234 3790 sit
1251 3737 1370 3806 sacra,
1393 3736 1442 3787 an
1459 3710 1577 3788 cultus
1595 3709 1633 3784 in
1654 3735 1698 3787 ea
1715 3711 1909 3812 peculiaris

386 3851 493 3950 Deip.
520 3848 616 3949 virg.
645 3847 706 3923 vel
734 3846 884 3924 alterius
915 3849 972 3924 S.:
1001 3849 1061 3923 An
1088 3845 1210 3947 aliqua
1240 3842 1438 3944 aliquando
1466 3842 1689 3943 contigerint
1715 3842 1907 3919 miracula:

383 3974 443 4050 An
468 3971 632 4074 reliquiae
657 3971 853 4068 notabiles,
880 3998 929 4048 an
953 3975 1152 4075 sepulturae
1173 3977 1348 4053 illustres:
1371 3975 1430 4050 Αιι
1446 3974 1613 4075 picturae,
1633 3971 1693 4047 vel
1711 3983 1838 4047 statuae
1863 3972 1910 4047 ab

385 4102 519 4178 eximio
544 4100 666 4202 aliquo
689 4099 853 4178 artifice?
872 4103 983 4181 inira:
1004 4106 1050 4182 A.
1071 4106 1259 4182 Sanderus
1281 4128 1362 4180 can.
1383 4100 1558 4203 iprensis.
1578 4099 1644 4175 Cui
1666 4099 1713 4174 de
1739 4097 1910 4174 omnibus

385 4249 454 4327 pro
482 4223 632 4299 modulo
658 4236 787 4301 nostro
817 4227 1093 4328 respondimus,
1126 4232 1163 4306 in
1186 4229 1292 4331 julio.
1325 4271 1374 4285 -
1407 4226 1631 4326 Petebatque
1661 4223 1907 4300 delineation-

385 4353 504 4429 culam
530 4350 705 4442 caenobii,
734 4353 841 4454 quale
868 4367 948 4431 crat
974 4382 1058 4432 cum
1088 4357 1254 4458 insigniis
1284 4358 1358 4433 suis
1388 4367 1426 4432 et
1455 4355 1711 4456 praelatorum3
1736 4354 1803 4429 sed
1828 4377 1908 4429 eam

385 4477 552 4554 nondum
577 4475 737 4576 accepit,
764 4477 867 4578 cujus
892 4503 1002 4554 causo
1027 4482 1210 4560 tristatur.

433 4610 479 4685 D.
499 4609 546 4685 de
565 4609 746 4684 Fromont
765 4608 886 4685 locum
907 4621 1039 4686 tenens
1061 4611 1319 4715 gubernatoris
1336 4607 1694 4712 Flandriee-gallicae,
1713 4610 1761 4685 ad
1778 4632 1909 4684 mona·

386 4739 538 4816 sterium
567 4740 671 4816 venit
705 4750 743 4816 et
775 4740 945 4842 promisit
979 4741 1130 4818 domino
1163 4751 1291 4816 nostro
1324 4738 1522 4840 praeposito
1550 4761 1590 4813 se
1622 4748 1837 4813 curaturum
1869 4747 1910 4812 ut

385 4891 527 4944 summa
551 4885 602 4946 vm
626 4867 854 4946 florenorum
880 4870 994 4948 semel
1018 4871 1124 4968 data,
1151 4873 1367 4949 restituatur
1392 4871 1496 4946 initio
1522 4869 1681 4972 augusti.

430 5007 570 5084 Domus
592 5019 719 5085 nostra
739 5007 878 5088 rustica
898 5019 1003 5088 trans
1023 5011 1163 5088 lsarum
1179 5031 1310 5086 versus
1332 5005 1562 5084 occidentem
1583 5003 1671 5100 sita,
1690 5012 1799 5078 nocte
1821 5011 1908 5076 ante
