5088 6418
650 923 699 1000 50
1260 933 1567 1015 CHRONICON

651 1188 689 1262 S.
716 1188 910 1290 Augustini
934 1190 1033 1291 apud
1058 1191 1222 1269 Morinos
1247 1217 1317 1294 pro
1343 1203 1451 1293 parte
1477 1193 1704 1272 decimarum
1734 1194 1781 1272 de
1810 1193 1965 1272 Staules.
1994 1237 2044 1254 -
2069 1194 2175 1272 Emta

649 1312 873 1390 domuncula
899 1339 1018 1416 prope
1041 1318 1316 1397 Leudemolam.

702 1433 908 1512 tots-m.
940 1438 1078 1515 Taxata
1107 1449 1235 1518 nostra
1263 1441 1362 1524 bona
1386 1447 1494 1550 ‚iussu
1523 1450 1635 1552 regiae
1661 1449 1858 1552 majestatis
1881 1449 1930 1526 ad
1955 1449 2019 1545 l0,
2047 1459 2175 1552 postea

648 1562 695 1638 ad
723 1564 764 1639 11
795 1590 1007 1661 nummum,
1033 1569 1193 1647 redemit
1218 1573 1368 1654 interim
1395 1591 1524 1656 noster
1546 1577 1765 1679 praepositus
1790 1601 1941 1654 censum
1967 1599 2032 1654 xrx
2057 1574 2123 1654 lib.

701 1687 810 1765 1541.
844 1691 892 1766 D.
926 1692 1078 1771 Carolus
1112 1697 1255 1776 vander
1289 1705 1418 1808 llaghe
1451 1710 1669 1803 canonicus,
1702 1708 1853 1784 nomine
1884 1710 1929 1784 D.
1963 1708 2172 1810 praepositi,

644 1813 801 1890 solemni
827 1819 1068 1922 aquagiorum
1096 1831 1295 1906 couventui
1323 1834 1420 1936 ipris
1448 1835 1633 1930 interfuit,
1659 1845 1698 1911 et
1722 1835 1865 1937 primus
1891 1835 2055 1913 omnium
2081 1835 2173 1912 arti-

645 1941 737 2018 culis
761 1942 1006 2046 subsignavit:
1033 1949 1058 2024 2
1082 1950 1303 2034 decembris,
1323 1961 1462 2038 Eodem
1480 1962 1549 2040 fuit
1566 1974 1693 2041 noster
1710 1964 1929 2066 praepositus
1949 1964 1989 2040 iu
2008 1964 2171 2066 exequiis

649 2069 816 2144 Dominae
840 2071 889 2147 de
913 2072 1072 2152 Deizele.

694 2200 739 2274 D.
777 2203 997 2302 praepositus
1030 2207 1174 2283 curavit
1203 2234 1355 2287 currum
1385 2240 1470 2291 curn
1502 2214 1630 2317 auriga
1657 2237 1773 2315 usque
1808 2217 1990 2307 Furuam,
2027 2215 2172 2292 ratione

644 2327 848 2403 exercitum
874 2331 1123 2431 provehendi,
1151 2359 1282 2413 versus
1307 2338 1518 2417 Arthesiam
1543 2339 1670 2416 credo.

692 2459 783 2534 ltem
801 2464 1019 2564 recognovit
1035 2464 1214 2570 solvendo
1239 2469 1428 2546 reliefvam
1454 2473 1516 2571 (ut
1532 2468 1755 2571 loquuntur)
1780 2477 1948 2545 nostrum
1965 2468 2171 2546 dominium

643 2585 681 2659 in
703 2610 816 2662 mauu
841 2586 1016 2668 hoballivi
1039 2593 1241 2672 Furnensis
1267 2605 1305 2672 et
1330 2595 1369 2672 in
1395 2595 1623 2691 Crombelre,
1651 2621 1733 2696 quae
1758 2595 1880 2672 adhuc
1903 2595 2048 2673 visitur.

689 2720 885 2798 fenestras
918 2725 957 2800 iu
993 2728 1191 2808 refectorio
1225 2743 1262 2808 et
1295 2730 1391 2808 atrio
1420 2755 1488 2808 suo
1525 2731 1614 2834 poni
1639 2731 1762 2833 jussit.
1801 2733 1885 2809 Fuit
1918 2732 2167 2833 adjudicatum

641 2859 770 2924 nostro
809 2855 1007 2932 couventui
1042 2860 1225 2936 sententia
1255 2860 1386 2962 judicii
1423 2861 1627 2939 furnensis
1664 2861 1955 2939 emolumentum
1992 2885 2168 2940 arvorum

642 2983 855 3051 nostrorum
880 2977 920 3052 in
947 2981 1212 3088 Lamperuessa
1237 2986 1275 3064 vi
1299 2988 1428 3090 scripti
1454 2991 1556 3090 quod
1581 3002 1716 3068 vocant
1740 2990 1915 3093 Sloeperc.

689 3103 852 3182 Contulit
876 3107 1125 3214 elemosynam
1153 3117 1202 3193 ad
1226 3143 1444 3222 campanam
1466 3121 1514 3196 de
1540 3118 1742 3194 Fromelles
1768 3121 1813 3193 D.
1843 3119 2076 3221 prepositus.

687 3227 785 3303 Meta
812 3255 1000 3310 unacum
1030 3263 1172 3317 uxxxru
1201 3243 1297 3344 virg.
1329 3259 1548 3352 recuperata
1579 3247 1617 3323 in
1647 3245 1853 3324 Merkbem.
1887 3248 1980 3321 ltem
2009 3247 2168 3323 redemit

639 3377 790 3430 censum
812 3359 945 3438 Jeuiuo
971 3368 1157 3467 quondam
1175 3371 1339 3452 defuncti
1365 3380 1553 3480 praepositi
1581 3376 1807 3464 cubiculario
1836 3387 2028 3472 statutum,
2057 3378 2165 3453 unius

641 3477 704 3558 lib.
733 3483 789 3561 Fl.
963 3499 964 3504 '

689 3614 972 3695 Sacrosanctum
999 3622 1196 3701 concilium
1220 3627 1389 3707 Tridenti
1418 3643 1612 3727 statutum,
1643 3642 1699 3709 est
1722 3633 1933 3733 incaeptum.
1963 3631 2073 3708 lblb.

687 3738 841 3817 Pestifer
871 3744 1052 3822 Lutherus
1073 3772 1120 3825 eu
1142 3752 1324 3830 monacho
1352 3758 1391 3833 S.
1413 3759 1610 3862 Augustini
1635 3771 1815 3862 apostata,
1835 3762 2007 3838 miseram
2031 3759 2167 3839 efflavit

639 3864 813 3943 animam.
844 3869 906 3945 ld.

687 3992 886 4095 Aequisitee
918 4024 958 4075 vr
990 4013 1098 4079 metae
1130 4029 1307 4108 agrorum
1340 4011 1380 4086 in
1420 4013 1648 4116 lloogstada,
1691 4012 1772 4091 loco
1808 4013 2006 4092 heredibus
2041 4040 2163 4109 cesso,

638 4120 783 4198 eodem.

688 4250 796 4329 1547.
833 4256 880 4332 D.
912 4259 1130 4360 praepositus
1164 4262 1393 4342 dimidiatam
1431 4267 1585 4344 donavit
1616 4267 1655 4342 in
1690 4267 1843 4344 ecclesia
1876 4267 1925 4345 de
1958 4267 2166 4346 Crombeka

636 4378 836 4458 fenestram
862 4407 945 4462 cum
972 4387 1065 4484 ali03
1092 4390 1156 4468 ubi
1182 4390 1356 4471 videntur
1382 4394 1540 4500 insignia
1565 4399 1770 4500 utriusque.

686 4507 795 4585 1548.
828 4512 919 4588 Item
949 4527 1075 4594 noster
1107 4521 1327 4623 praepositus
1360 4533 1516 4602 statutus
1552 4537 1608 4603 est
1640 4526 1794 4604 collator
1830 4526 1979 4628 majoris
2013 4526 2161 4628 capellae

636 4635 676 4710 in
701 4638 939 4740 lloogbstada
964 4671 1046 4746 quae
1080 4649 1291 4748 pertinebat
1315 4651 1362 4728 ad
1387 4653 1537 4731 Petrum
1563 4658 1704 4735 Daeliu.

684 4767 837 4844 Eodem.
865 4772 1055 4851 Professus
1078 4777 1241 4854 loannes
1265 4805 1338 4855 vau
1363 4781 1458 4878 Loo,
1485 4787 1678 4889 religiosus
1702 4787 1990 4866 Eversamensis.

684 4904 755 4979 Per
781 4920 992 5008 requestam
1017 4911 1157 4988 domini
1188 4916 1374 5018 praepositi
1401 4941 1597 4995 concessus
1623 4942 1706 4995 esus
1730 4919 2000 4996 lacticiniorum
2026 4918 2162 4994 nostris

635 5030 840 5134 inquilinis,
880 5035 970 5114 item
1004 5039 1246 5119 servitoribus
1278 5049 1486 5127 vernaculis
1524 5061 1561 5126 ct
1601 5073 1775 5146 ovorum,
1811 5050 2041 5152 temporibus
2075 5049 2163 5151 ipsis
