5088 6418
906 951 1321 1031 EVBRSHAMENSE.

711 1555 905 1639 unctas
943 1552 1129 1640 Paltos
1166 1556 1490 1644 PllAEl'dSllllS.

386 1977 452 2053 llic
477 1977 587 2079 igitur
613 1978 806 2080 episcopus
831 1989 1020 2053 crescente
1043 2001 1200 2054 numero
1226 1988 1264 2054 et
1289 1976 1486 2053 devotione
1513 1975 1688 2070 fratrum,
1712 1976 1862 2054 domum

336 2103 414 2180 sive
447 2103 654 2183 habitacula
687 2130 786 2208 pone
819 2106 991 2183 sacellum
1024 2102 1189 2181 edificari
1228 2102 1388 2196 curavit,
1430 2110 1466 2176 et
1504 2099 1717 2202 praesidem,
1740 2127 1865 2208 ⁸quam

335 2231 575 2332 praepositum
592 2233 761 2308 nominat
775 2233 960 2333 Meyerus,
986 2231 1117 2308 iisdem
1139 2233 1259 2307 statim
1278 2235 1339 2331 (ut
1356 2241 1411 2307 est
1429 2229 1659 2329 verosimile)
1676 2230 1865 2306 constituit

335 2358 486 2434 nomine
525 2359 723 2454 Thomam,
763 2361 887 2436 forsan
925 2361 1144 2438 canonicum
1183 2357 1411 2459 regularem,
1453 2383 1499 2433 ex
1534 2357 1760 2434 monastario
1797 2351 1863 2434 sud

336 2485 373 2561 S.
399 2485 518 2587 Eligii.

382 2612 436 2688 Sit
454 2613 576 2715 itaque
600 2613 947 2718 chronographicon
972 2616 1010 2690 in
1036 2617 1250 2694 memoriale
1276 2617 1444 2716 signum:

532 2844 746 2912 ralaULarlo
770 2865 807 2910 rr
831 2845 995 2914 snoUsrlt
1020 2847 1239 2916 ananannr
1263 2868 1300 2912 ur
1324 2844 1568 2917 VaXtVauUur
1595 2847 1661 2914 tta.

332 3149 473 3228 Exhinc
510 3152 617 3253 oaepit
656 3156 920 3232 monasterium
957 3168 1127 3234 nostrum
1167 3156 1395 3257 pedetentim
1432 3165 1470 3231 et
1507 3177 1665 3230 numero
1709 3152 1863 3228 canoni-

331 3301 478 3371 corum,
520 3286 558 3352 et
596 3276 859 3355 donationibus
900 3281 1197 3377 benefactorum,
1242 3281 1398 3374 llorere,
1440 3279 1662 3356 introductis
1705 3277 1862 3378 egregiae

329 3404 601 3481 reformationis
631 3405 773 3507 legibus
802 3431 845 3481 ac
873 3408 1063 3486 institutis:
1096 3421 1156 3504 ut,
1188 3408 1333 3504 ieiunii,
1371 3407 1592 3508 disciplinae,
1626 3405 1857 3499 orationum,

328 3532 624 3633 processionum,
656 3534 790 3611 silentii
815 3547 886 3611 etc.
917 3547 994 3612 tam
1025 3566 1106 3641 quaa
1135 3538 1184 3614 ad
1213 3563 1353 3633 mores,
1385 3563 1497 3639 quam
1527 3560 1610 3639 quae
1641 3533 1689 3610 ad
1718 3533 1859 3610 conde·

329 3659 486 3736 centiam
515 3660 731 3761 spectabant
759 3663 1066 3767 uniuscuiusque,
1094 3679 1206 3767 prout
1237 3693 1306 3746 ms.
1339 3665 1458 3744 codex
1489 3666 1627 3742 abhinc
1651 3663 1726 3741 too
1754 3662 1859 3765 plus-

328 3786 450 3862 minus
487 3788 593 3863 annis
630 3790 761 3866 edocet
799 3793 908 3872 lllll.
945 3793 1104 3871 Thomas
1143 3794 1267 3897 itaque
1301 3793 1520 3897 praepositus
1555 3790 1858 3870 Evershamensis

328 3914 422 4014 lpris
447 3913 563 3991 adluit
594 3940 678 3992 cum
699 3917 779 3996 aliis
804 3920 895 3996 viris
919 3920 1170 4024 magnatibus,
1199 3926 1237 4001 in
1263 3924 1434 4018 concilio,
1464 3922 1529 4001 ubi
1553 3924 1717 4000 loannes
1739 3922 1857 3998 Mori·

326 4063 460 4115 norum
487 4039 695 4144 episcopus,
714 4045 792 4121 zelo
815 4046 952 4124 vdivinae
969 4049 1129 4146 iustitiae,
1153 4066 1336 4154 praesente
1358 4052 1526 4128 Manasse
1551 4049 1852 4152 archiepiscopo,

327 4171 492 4248 Roberto
521 4175 654 4251 comite
687 4178 888 4277 Flandriae,
925 4180 1032 4258 eiecit
1064 4179 1275 4258 sacerdotes
1309 4176 1564 4280 symoniacos,
1596 4175 1648 4249 ita
1681 4173 1854 4276 Meyarus

325 4322 422 4373 anno
442 4296 553 4373 lldl:
580 4301 680 4401 quod
698 4327 861 4380 summus
886 4306 1053 4407 pontilex
1069 4308 1255 4386 Paschalis
1278 4331 1355 4383 non
1373 4305 1492 4382 solum
1518 4302 1758 4405 approbavit,
1788 4300 1855 4376 sed

325 4425 435 4500 etiam
460 4425 563 4500 iussit
584 4425 666 4501 fieri
687 4454 755 4530 per
776 4430 916 4508 litteras
936 4434 984 4509 ad
1006 4437 1177 4512 comitem
1198 4430 1393 4510 Flandriae.
1419 4431 1491 4508 lvit
1513 4430 1584 4508 hoc
1605 4452 1704 4504 anuo
1726 4437 1853 4503 noster

327 4551 520 4652 episcopus
545 4551 720 4650 Romam,
749 4566 971 4636 attestatur
995 4562 1151 4663 iperius.

267 4719 281 4728 ν
373 4679 450 4756 Sub
479 4679 559 4756 haec
592 4693 760 4790 tempora
788 4687 896 4787 coepit
929 4688 1049 4766 bonus
1077 4701 1204 4792 pastor
1232 4687 1392 4763 Thomas
1423 4710 1493 4790 pro
1523 4706 1636 4786 grege
1666 4680 1852 4782 pascendo
1887 4713 1892 4724 ·

326 4811 501 4890 sollicitus
538 4839 635 4911 esse,
672 4839 806 4918 nempe
845 4818 1056 4921 impetravit
1094 4821 1141 4898 ab
1179 4818 1309 4894 illustri
1348 4817 1535 4894 Gertrude
1574 4811 1852 4916 burggravinna

323 4939 523 5037 Furuensi,
560 4967 695 5044 pascua
728 4957 857 5022 nostro
891 4949 1114 5030 monasterio
1149 4949 1377 5044 adiacentia,
1414 4959 1456 5025 ut
1489 4955 1591 5052 patet
1629 4968 1675 5020 ex
1709 4942 1852 5027 indulto

323 5065 425 5176 quod
451 5069 633 5176 sequitur.
1586 5175 1607 5236 ἱ
