5132 6412
636 929 685 1006 bb
1243 925 1550 1005 cunorucott

637 1185 755 1261 nostri
780 1183 902 1286 primo
927 1207 1071 1261 mense:
1100 1208 1153 1260 ea*
1170 1183 1217 1261 de
1239 1207 1348 1260 causa
1372 1179 1472 1257 allati
1495 1183 1647 1280 lateres,
1676 1195 1833 1287 purgata
1859 1186 2016 1280 rudera,
2043 1188 2164 1264 vocati

637 1309 827 1386 architecti
853 1309 1071 1412 quibuscum
1097 1309 1342 1386 consultatum
1360 1320 1435 1404 est;
1463 1311 1625 1416 denique
1651 1341 1748 1392 unus
1773 1317 1852 1392 Nic.
1875 1316 2003 1392 Fievet
2027 1315 2162 1417 pictor,

635 1451 858 1517 structuram
876 1439 1092 1537 delineavit,
1116 1441 1319 1518 secundum
1336 1465 1448 1543 quam
1465 1441 1662 1542 templum,
1680 1442 1816 1537 turris,
1836 1454 1873 1518 et
1897 1440 2029 1518 sacella
2046 1439 2163 1517 aedifi-

635 1581 822 1645 narentur.
854 1571 961 1646 Nunc
990 1570 1134 1668 rudera
1157 1569 1399 1672 antiquissimi
1431 1580 1469 1645 et
1497 1570 1608 1672 primi
1639 1583 1763 1649 erecta
1790 1583 1828 1648 et
1857 1572 2000 1674 dejecta
2026 1571 2161 1648 sacelli.

684 1701 794 1780 1655.
821 1701 956 1778 lisdem
983 1702 1114 1780 dicbus
1141 1727 1210 1804 per
1237 1704 1285 1779 ld
1312 1700 1529 1800 etamplius
1553 1702 1631 1780 dies
1658 1704 1709 1780 ita
1735 1704 1888 1806 gelavit,
1917 1715 1958 1779 ut
1988 1715 2163 1781 onustum

636 1854 784 1908 carrum
813 1855 898 1906 cum
927 1856 1024 1932 equo
1054 1831 1204 1933 quidam
1230 1841 1335 1908 trans
1359 1832 1499 1908 Isaram
1522 1833 1570 1909 ad
1602 1845 1805 1935 pontonem
1835 1843 2004 1910 nostrum
2030 1831 2163 1909 tradu-

635 1957 751 2048 xerit,
779 1956 839 2033 dic
865 1959 902 2033 S.
931 1957 1114 2060 Aquilini,
1142 1983 1233 2036 xxix
1254 1958 1334 2059 jan.
1361 1955 1517 2033 Paludes
1542 1955 1664 2033 adhuc
1688 1958 1804 2033 siccae.

684 2086 824 2160 Praeter
847 2085 1091 2182 ordinariam,
1116 2085 1233 2165 ferme
1256 2088 1472 2190 quotannis,
1504 2088 1691 2191 sylvarum
1713 2093 1822 2191 (quas
1848 2098 1984 2164 vocant
2011 2085 2164 2184 lallocs)

637 2213 845 2289 auctionem
872 2213 941 2290 sub
971 2215 1115 2293 initium
1142 2217 1249 2312 anni,
1279 2221 1389 2294 etiam
1420 2216 1544 2292 habita
1574 2226 1629 2292 est
1654 2217 1769 2294 altera
1794 2233 1863 2294 vu⁰
1888 2214 2066 2290 arborum
2095 2239 2163 2315 per

638 2339 661 2412 5
678 2337 738 2415 vel
756 2340 782 2414 4
802 2339 881 2414 dies
903 2339 1002 2416 circa
1018 2340 1150 2418 festum
1171 2344 1209 2418 S.
1225 2344 1396 2439 vedasti3
1415 2370 1437 2421 a
1454 2345 1514 2421 die
1533 2370 1645 2447 porro
1659 2343 1925 2447 purificationis
1941 2343 1983 2418 B.
2000 2341 2164 2444 Virginis

637 2463 837 2567 degelavit,
870 2479 908 2543 et
936 2469 1070 2544 exinde
1101 2471 1219 2547 soluta
1252 2473 1385 2574 glacie,
1417 2473 1596 2574 niveque,
1632 2472 1784 2574 paludes
1817 2469 2092 2548 inundaverunt
2126 2481 2164 2546 ct

637 2608 853 2696 perseverat
881 2599 968 2675 satis
998 2601 1093 2676 acris
1128 2599 1257 2702 hyems
1292 2605 1395 2698 nive,
1427 2603 1626 2704 grandine,
1658 2602 1761 2706 gelu,
1794 2602 1918 2704 pluvia
1951 2611 2021 2677 etc.
2058 2601 2159 2676 Prid.

638 2725 676 2799 S.
709 2725 870 2801 Matthiae
900 2726 1037 2803 clectus
1072 2739 1110 2802 et
1139 2731 1358 2807 constitutus
1388 2727 1670 2822 vice-decanus,
1702 2725 1770 2803 sub
1800 2725 1950 2802 nomine
1977 2723 2159 2825 praesidis,

638 2851 683 2925 D.
721 2851 913 2929 Cornelius
945 2855 1154 2956 Bergensis.
1192 2858 1380 2961 Nusquam
1409 2859 1557 2934 auditur
1586 2856 1818 2932 subdecanus
1848 2855 1907 2930 hic
1937 2853 2065 2948 fuisse,
2102 2863 2165 2930 aut

639 2977 749 3054 etiam
766 2981 865 3080 apud
883 2981 1079 3058 canonicos
1104 3007 1180 3059 non
1202 2986 1405 3087 regulares.
1430 2988 1473 3061 ln
1498 2984 1782 3086 metropolitana
1807 2994 1930 3059 tamen
1954 2982 2163 3059 Coloniensi

638 3115 694 3179 est
725 3130 821 3182 unus
853 3118 938 3184 ante
968 3107 1204 3187 scholasticus
1238 3112 1543 3214 chorepiscopuS,
1581 3115 1655 3188 imo
1693 3113 1803 3188 etiam
1839 3109 1947 3186 aliam
1977 3111 2162 3214 quandam

638 3232 952 3334 subsignationem
977 3235 1049 3337 legi
1076 3238 1114 3312 in
1141 3238 1232 3314 Cod.
1259 3240 1386 3318 donat.
1415 3242 1515 3344 apud
1540 3245 1732 3344 blyraenm.

686 3360 838 3438 Eodem.
864 3363 989 3439 Tertio
1015 3364 1142 3465 aprilis
1164 3366 1232 3443 ser.
1260 3393 1300 3445 ur
1327 3369 1569 3446 hebdomadae
1593 3373 1631 3446 S.
1660 3369 1835 3446 fundatur
1858 3367 1974 3444 turris
1998 3368 2160 3444 ecclesiae

638 3501 776 3566 nostrae
801 3517 884 3568 cum
910 3493 1087 3595 gradibus
1113 3498 1321 3576 dormitorii
1342 3501 1449 3602 juxta
1475 3502 1692 3578 chronicon.

708 3655 848 3725 rrlblUs
870 3657 971 3726 Larls
994 3659 1135 3728 roslrUs
1159 3683 1211 3729 ssr
1236 3661 1435 3732 uaVrnuuDo
1461 3665 1640 3732 rannoslro
1664 3665 1785 3732 Jounnr
1809 3663 1878 3732 Vm
1903 3663 2095 3732 stsruus.

638 3837 715 3937 Ego
750 3861 864 3914 unum
899 3863 945 3916 ex
978 3841 1107 3941 primis
1141 3842 1244 3920 laetus
1273 3856 1310 3920 et
1339 3845 1449 3920 ctiam
1484 3847 1522 3920 in
1551 3845 1666 3922 fundo
1696 3845 1860 3922 fundavi.

940 4007 1025 4072 Dum
1049 4003 1118 4075 fluit
1141 4029 1159 4076 a
1183 4007 1300 4076 Christi
1325 4007 1432 4089 cunis,
1458 4009 1510 4098 qui
1535 4009 1682 4099 perspicit
1706 4007 1840 4099 hospes,

939 4112 1106 4180 Anausin
1132 4112 1213 4182 huno
1239 4113 1355 4182 celsum
1380 4109 1513 4193 lundor,
1540 4115 1660 4184 honora
1686 4116 1796 4183 situm.

640 4270 705 4346 Cui
729 4295 858 4350 omnes
881 4277 1069 4378 cooperati
1095 4275 1246 4374 fuimus,
1275 4277 1434 4379 lapides,
1463 4275 1598 4373 calces,
1625 4303 1777 4355 arenam
1800 4279 2065 4357 acmentarium
2087 4291 2156 4356 etc.

640 4399 860 4480 advehendo
886 4415 958 4482 etc.

688 4525 840 4603 Eodem.
865 4530 1071 4606 Penultimn
1091 4532 1231 4634 aprilis,
1254 4545 1387 4612 ventus
1408 4535 1608 4617 vehemens
1629 4541 1781 4617 domum
1802 4549 1967 4617 nostram
1985 4563 2162 4641 pecorum

641 4653 680 4729 S.
709 4655 804 4733 lsab.
834 4657 985 4759 dejecit;
1013 4660 1053 4737 in
1077 4675 1327 4765 procneporto,
1355 4665 1453 4740 inter
1478 4666 1567 4742 alias
1591 4665 1740 4742 multas.

690 4780 842 4857 Eodem.
880 4784 1019 4860 lterum
1056 4787 1187 4884 timor,
1227 4790 1436 4898 iterumque
1471 4796 1629 4872 formido
1667 4797 1706 4872 in
1743 4795 1886 4897 Belgio:
1922 4792 2160 4871 Brabantiam

642 4911 916 5014 depopulantur
945 4917 1164 5017 Hugonottae
1194 4930 1232 4994 et
1264 4922 1416 5020 Geusei,
1452 4924 1589 5025 oppida
1621 4923 1767 5000 minora
1796 4922 1978 4999 invadunt
2007 4930 2044 4996 et
2074 4918 2164 4997 sub-

638 5041 788 5144 jugant3
825 5041 863 5119 in
897 5069 1019 5143 sacra,
1055 5068 1250 5152 sacrasque
1284 5073 1461 5153 personas
1495 5075 1562 5127 suo
1592 5043 1697 5128 more
1729 5049 1976 5145 bacchantur,
2013 5048 2160 5148 sugant,
