5132 6412
881 1749 1451 1932 Pliddddldd.

441 2931 501 3008 Ad
518 2931 673 3034 gloriam
691 2932 758 3010 Dei
777 2959 858 3035 quae
875 2933 1015 3010 dudum
1033 2934 1186 3036 quesite
1201 2936 1391 3036 composui
1403 2935 1451 3012 de
1463 2934 1688 3012 monasterio
1701 2935 1917 3035 Eversum,

393 3062 451 3139 hic
484 3063 635 3140 tandem
668 3063 866 3166 aliquando
893 3063 1051 3166 posteris
1079 3061 1171 3139 dare
1200 3061 1362 3142 decrevi.
1396 3064 1514 3142 Valde
1544 3061 1715 3141 dolebam
1746 3065 1840 3144 nihil
1868 3068 1917 3145 de

390 3217 434 3268 eo
469 3191 645 3268 inveniri:
679 3190 823 3294 Volupe
850 3201 972 3268 eutem
1003 3188 1092 3265 mihi
1127 3187 1328 3291 plurimum
1361 3188 1513 3266 inventu
1544 3189 1606 3267 vel
1638 3189 1717 3266 hoec
1749 3205 1913 3290 quantu-

389 3322 569 3422 lacunque
604 3321 810 3424 scripsisse,
852 3345 1006 3423 sperans
1040 3318 1119 3392 iore
1152 3315 1212 3391 vel
1244 3315 1310 3392 uni
1344 3325 1580 3417 posterorum
1615 3316 1805 3418 placitum.
1848 3320 1912 3398 Sin

387 3447 530 3541 minus,
565 3447 618 3523 nil
656 3472 763 3540 mee3
800 3447 872 3525 hoc
906 3469 1114 3524 asseverem
1148 3467 1228 3537 me,
1270 3442 1334 3544 qui
1373 3453 1482 3520 antec
1519 3455 1664 3522 tentum
1703 3470 1910 3548 coeperam,

385 3573 572 3670 didicisse,
609 3574 718 3675 plene
755 3573 1026 3651 vicissitudines
1061 3585 1098 3650 et
1130 3573 1268 3675 gratius
1302 3573 1409 3651 flocci
1440 3576 1624 3675 pendere,
1660 3599 1743 3676 quse
1776 3575 1911 3679 alioqui

386 3700 424 3774 in
457 3701 692 3778 monasteriis
721 3700 890 3778 sublimis
923 3711 962 3777 et
991 3698 1259 3803 sesquipedalis
1289 3708 1435 3800 parent.
1469 3700 1630 3800 Tempus
1658 3699 1754 3778 edsx
1782 3725 1909 3777 rerum

383 3841 449 3905 est.
482 3829 622 3906 Adesse
651 3829 826 3906 festinent
853 3840 1024 3932 tempora
1052 3839 1198 3906 utentes
1229 3825 1299 3904 hoe
1328 3827 1467 3904 Mundo
1503 3825 1596 3904 fient
1628 3840 1805 3929 tauquam
1834 3854 1910 3904 non

381 3971 548 4035 utentur:
583 3956 750 4060 praeterit
778 3958 877 4034 enim
912 3953 1033 4060 figure
1061 3955 1171 4034 huius
1197 3954 1341 4034 Mundi.
1377 3955 1498 4032 Nolite
1531 3955 1687 4058 diligere
1718 3956 1833 4058 igitur
1866 3983 1910 4034 ea

379 4112 461 4189 quse
488 4088 525 4162 in
552 4087 692 4165 mundo
718 4100 820 4165 sunt:
853 4091 1011 4191 gaudete
1034 4112 1127 4166 vero
1153 4085 1239 4188 quis
1265 4085 1417 4162 nomine
1440 4095 1566 4162 vestm
1595 4086 1733 4188 scripte
1758 4098 1845 4163 sunt
1870 4087 1908 4162 in

377 4213 491 4308 celis,
517 4225 556 4290 ct
580 4215 618 4289 in
644 4217 757 4292 Lmno
775 4217 893 4292 me.
913 4216 1053 4292 Summi
1079 4213 1229 4316 quidem
1255 4209 1408 4288 honoris
1433 4211 1501 4288 fuit
1523 4212 1689 4288 scribere
1715 4210 1906 4290 historiam

375 4338 578 4415 secundum
590 4339 752 4414 Graecos:
769 4339 973 4416 secundum
986 4341 1094 4416 Rom.
1106 4343 1215 4439 (teste
1228 4335 1324 4434 (lm.)
1336 4335 1436 4414 Nihil
1449 4361 1542 4440 opus
1554 4349 1609 4414 est
1622 4350 1786 4434 oratore,
1799 4339 1905 4414 Srms

374 4488 439 4541 ssr
453 4488 525 4542 nou
539 4488 622 4542 esse
640 4488 849 4552 usunseeu.
870 4466 959 4558 Quis
977 4466 1117 4544 nesciet
1133 4464 1292 4567 primam
1309 4489 1390 4544 esse
1410 4466 1573 4544 historiae
1591 4467 1730 4570 legem,
1751 4467 1906 4570 nequid

373 4585 453 4662 salsi
485 4585 611 4665 dicere
647 4586 799 4682 audeat,
831 4589 938 4687 dein,
971 4615 1019 4668 ne
1052 4593 1142 4695 quid
1175 4595 1255 4671 veri
1290 4619 1367 4673 non
1400 4597 1559 4674 audeat?
1588 4622 1711 4699 nequo
1745 4599 1904 4699 suspicio

371 4714 497 4816 grstiae
518 4715 566 4792 sit
588 4715 862 4815 inscribendo,
881 4745 1003 4823 neque
1028 4709 1254 4799 simultatis!
1268 4723 1318 4799 its
1336 4722 1409 4799 ille.
1439 4723 1567 4801 Cicero
1593 4750 1669 4802 non
1687 4735 1771 4828 eget
1795 4726 1904 4805 leude

369 4867 465 4919 mes.
496 4845 644 4922 Utinam
674 4846 726 4924 sie
755 4873 884 4928 omnes
913 4863 1101 4934 sectentur
1127 4851 1165 4927 in
1193 4850 1356 4928 historiis
1386 4853 1599 4931 veritatem!
1630 4855 1759 4956 ltaque
1785 4855 1903 4931 histo-

368 4965 478 5063 riam,
511 4995 592 5071 quae
622 4971 714 5048 nihil
744 4972 844 5053 eliud
873 4978 1024 5078 (eodem
1054 4983 1168 5079 teste)
1197 4993 1272 5077 est,
1303 4981 1374 5058 nisi
1404 4980 1597 5060 cumdium
1625 4981 1825 5076 confectio,
1855 4979 1903 5056 de
2027 5093 2034 5106 .
