5088 6418
943 944 1360 1025 EVERSHAMENSE.
1864 951 1908 1024 lil

387 1206 591 1309 Hispaniae,
618 1207 790 1284 dominus
809 1206 1085 1298 Fraomarium,
1103 1202 1217 1280 totius
1233 1199 1462 1303 gubernator
1484 1201 1597 1304 Belgii
1616 1199 1808 1304 pacificus,
1831 1203 1913 1279 leli-

386 1333 564 1410 cissimus.
593 1323 875 1410 dnovembris.

381 1455 384 1461 ’
436 1458 589 1535 Eodem.
626 1459 698 1535 lvit
731 1460 777 1534 D.
810 1466 938 1534 noster
971 1455 1132 1532 decanus
1161 1455 1320 1534 lacobus
1349 1460 1473 1560 lpram
1501 1459 1563 1537 die
1596 1459 1645 1536 26
1678 1459 1911 1559 novembris,

385 1611 470 1662 cum
493 1587 657 1690 reliquiis
678 1613 699 1663 e
722 1587 867 1689 legione
889 1584 1135 1661 Thebaeorum
1152 1608 1243 1685 quas
1260 1586 1307 1662 V.
1333 1587 1378 1661 D.
1404 1586 1685 1665 archidiaconus
1711 1589 1913 1672 Guilelmus

387 1712 496 1814 Zylol
519 1715 670 1816 ejusque
697 1738 813 1815 nepos
840 1714 886 1788 D.
914 1711 1117 1790 Guilelmus
1140 1738 1213 1789 van
1240 1713 1308 1790 der
1330 1715 1495 1810 Mersch,
1523 1728 1650 1818 pastor
1677 1720 1714 1794 S.
1740 1722 1911 1819 Martini,

388 1852 424 1915 et
457 1843 502 1916 D.
541 1841 748 1942 Stephanus
786 1841 904 1935 Piret,
946 1840 1166 1933 canonieus,
1206 1841 1275 1917 suh
1316 1843 1505 1946 signatura
1544 1847 1686 1923 domini
1726 1851 1912 1931 Francisci

389 1965 624 2067 Carpentier,
661 1968 828 2044 canonici
866 1978 904 2043 et
942 1965 1119 2068 sigilliferi
1158 1971 1307 2070 capituli
1344 1976 1606 2052 canonicorum
1644 1979 1836 2082 (episeopo
1877 2013 1916 2063 rx

388 2095 581 2198 apoplexia
599 2097 678 2173 sine
695 2094 840 2199 loquela
858 2097 1025 2198 jacente)
1042 2093 1312 2196 approbarunt,
1336 2105 1373 2174 et
1389 2123 1451 2174 eas
1468 2101 1683 2200 procuravit
1700 2107 1915 2200 reverendae

389 2223 633 2326 piissimaeque
662 2225 748 2301 vitae
776 2226 817 2300 P.
853 2221 1041 2300 luvenalis
1074 2221 1294 2322 capucinus,
1329 2225 1572 2326 guardianus,
1607 2252 1690 2302 cum
1723 2234 1917 2312 autenticis

388 2350 684 2451 probationibus:
724 2354 828 2456 eujus
867 2352 1059 2458 epistolam
1093 2347 1141 2425 ad
1175 2351 1220 2425 ll.
1254 2362 1423 2427 nostrum
1458 2354 1697 2453 praepositum
1734 2358 1915 2437 loannem

389 2477 563 2577 scriptam
590 2478 789 2556 vernacula
810 2504 876 2556 sue
897 2479 997 2580 ligna
1017 2479 1124 2555 nohis
1150 2478 1218 2557 sub
1240 2507 1368 2560 mensa
1389 2483 1559 2560 recitavit
1581 2486 1625 2560 D.
1652 2487 1832 2586 decanus,
1856 2494 1915 2570 die

392 2604 430 2682 S.
459 2606 639 2702 Andreae,
667 2608 706 2684 in
733 2635 806 2711 qua
830 2635 893 2687 eas
918 2636 957 2687 se
981 2611 1131 2686 mittere
1156 2608 1315 2689 dicebat.

440 2727 550 2806 lost.
575 2731 736 2832 Tempus
761 2732 869 2816 valde
894 2733 1129 2837 impluvium,
1157 2740 1250 2818 adeo
1277 2753 1319 2819 ut
1339 2742 1403 2820 vix
1427 2741 1498 2818 hoo
1523 2768 1621 2820 enno
1648 2743 1828 2845 pluviam,
1853 2751 1915 2825 vix

389 2871 520 2936 ventos
553 2865 795 2960 senserimuS,
834 2867 901 2944 sed
938 2867 1121 2946 fumosum
1154 2882 1280 2949 manet
1317 2895 1434 2973 usque
1473 2869 1719 2966 decembrim,
1758 2873 1916 2976 ideoque

389 2988 622 3090 pestiferum3
657 2991 748 3068 nulli
782 2994 993 3071 adhucnum
1023 2996 1156 3076 fluctus
1190 2997 1228 3074 in
1262 2997 1396 3100 palude
1431 3021 1547 3099 usque
1581 2997 1663 3074 dec.
1694 3000 1914 3080 Benedictus

384 3121 511 3196 DEUS
537 3123 576 3197 in
602 3121 786 3200 omnibus,

351 3299 357 3306 -
438 3250 591 3326 Eodem.
620 3251 801 3352 Georgius
830 3253 1160 3335 reverendissimus
1185 3260 1379 3361 episcopus
1408 3267 1534 3332 noster
1568 3254 1712 3332 dudum
1741 3258 1916 3358 apoplec-

389 3379 483 3455 ticus
518 3405 564 3454 ex
597 3378 666 3454 hac
698 3380 774 3457 vita
808 3379 999 3480 migravit,
1039 3382 1099 3460 dic
1134 3386 1180 3462 l9
1214 3383 1439 3475 decembris3
1474 3405 1544 3483 pro
1579 3381 1683 3482 cujus
1718 3382 1914 3483 refrigerio

388 3506 546 3585 officium
573 3509 831 3585 defunctorum
857 3509 1123 3603 electionum,
1152 3509 1415 3612 persolvimus,
1444 3532 1528 3583 eum
1554 3507 1678 3583 missa.

440 3637 547 3714 1655.
584 3637 687 3712 Bono
720 3636 922 3738 principio:
960 3638 1175 3740 praedicavit
1207 3638 1246 3712 in
1279 3635 1458 3714 vestitura
1490 3634 1621 3711 novitii
1658 3635 1813 3711 loannis
1853 3635 1914 3712 hic

389 3768 427 3844 in
440 3770 614 3844 Eversum
629 3769 748 3871 primo
764 3768 824 3845 die
838 3769 1002 3870 junuarii
1015 3780 1052 3846 et
1069 3767 1171 3861 anni,
1191 3776 1292 3843 certe
1308 3765 1471 3867 egregie,
1490 3767 1532 3841 P.
1549 3767 1724 3868 supprior
1737 3767 1775 3842 S.
1794 3768 1914 3869 Xysti.

389 3893 587 3970 Benedicta
608 3895 740 3971 domus
766 3896 803 3971 S.
829 3895 936 3997 Xysti
961 3895 1025 3973 tali
1049 3903 1180 3971 ornata
1200 3893 1300 3988 viro,
1326 3893 1460 3970 eximio
1486 3893 1751 3995 praedieatore3
1776 3908 1918 3972 crescat

388 4019 427 4093 in
453 4017 550 4094 mille
573 4016 697 4094 millia.
717 4020 860 4094 Nomen
883 4019 916 4095 ei
939 4030 1020 4095 erat
1042 4022 1084 4096 P.
1111 4019 1354 4123 Reginaldus;
1381 4021 1511 4123 gallica
1527 4022 1654 4124 lingua
1670 4020 1913 4122 praedicabat:

389 4145 496 4223 nobis
525 4146 728 4223 familiaris.

437 4273 588 4349 Eodem.
619 4275 664 4348 D.
691 4275 909 4354 Franciscus
938 4275 1053 4354 irater
1080 4286 1208 4352 noster
1235 4303 1303 4379 per
1333 4304 1370 4355 vr
1398 4278 1459 4355 vel
1484 4277 1593 4380 paulo
1622 4277 1747 4379 plures
1773 4303 1918 4355 menses

388 4402 629 4482 vehementer
663 4404 846 4482 cruciatus
882 4406 1048 4482 dentium
1084 4403 1275 4481 doloribus
1308 4413 1350 4478 ut
1383 4402 1447 4479 vix
1482 4401 1647 4478 dormire
1681 4413 1821 4501 posset,
1855 4402 1917 4478 vix

388 4529 583 4607 comedere
613 4531 785 4628 auderet,
815 4557 859 4610 ac
886 4531 1036 4608 demum
1062 4543 1105 4609 ut
1129 4531 1199 4609 sibi
1230 4536 1293 4632 (ut
1323 4530 1487 4632 dicebat)
1516 4531 1708 4609 videretur
1734 4531 1846 4609 fuisse
1878 4533 1915 4606 in

387 4657 552 4754 inleruo,
583 4661 704 4757 vovit,
735 4662 876 4764 ivitque
905 4662 944 4737 in
974 4663 1098 4739 Geren
1131 4660 1180 4738 ad
1209 4655 1349 4736 cultum
1383 4655 1423 4733 S.
1456 4654 1679 4756 Apolloniae,
1715 4652 1917 4731 celebravit

387 4781 556 4879 missam,
584 4795 622 4860 et
645 4786 795 4862 rediens
820 4809 931 4862 sanus
960 4787 1101 4863 nullum
1124 4787 1239 4866 sensit
1267 4784 1454 4880 dolorem,
1480 4794 1523 4859 ut
1547 4780 1617 4860 sibi
1641 4781 1720 4884 jam
1745 4781 1915 4859 videatur

388 4911 427 4987 in
452 4913 540 4991 coelo
566 4939 663 4992 esse:
694 4915 773 4993 haeo
797 4915 903 4993 initio
927 4916 1103 5017 januarii.
1134 4916 1319 4995 Laudetur
1344 4917 1444 4992 Deus
1469 4913 1508 4990 in
1534 4912 1599 4989 SS.
1629 4909 1718 4988 suis.

436 5043 589 5122 Eodem.
621 5045 787 5126 Tandem
815 5045 1013 5152 aliquando
1038 5058 1185 5149 ceptum
1211 5043 1365 5152 cogitari
1394 5045 1454 5136 de.
1469 5039 1755 5123 reedificatione
1783 5037 1911 5144 templi
