5132 6412
932 844 1352 929 avansflnnmtsa.
1860 861 1904 936 51

378 1101 512 1204 quibus
545 1103 635 1181 alias
667 1102 877 1206 prohibitus
905 1113 980 1198 est,
1012 1112 1168 1204 excepta
1194 1104 1479 1206 quadragesima
1511 1109 1602 1210 (pro
1632 1109 1750 1206 ovis);
1780 1111 1804 1184 5
1832 1109 1905 1186 kal.

378 1229 480 1306 maii.
509 1230 552 1304 ln
578 1227 711 1307 litteris
735 1239 839 1307 certe
863 1254 912 1307 ne
935 1229 1095 1307 verbum
1121 1231 1272 1332 quidem
1296 1245 1353 1312 est
1377 1259 1448 1337 pro
1472 1237 1665 1340 religiosis.

427 1364 536 1442 1550.
565 1363 756 1442 Cornelius
776 1389 851 1443 van
874 1365 1012 1443 Oosten
1033 1389 1118 1442 cum
1138 1363 1232 1460 aliis,
1261 1366 1457 1447 mulctatus
1479 1383 1535 1448 est
1552 1371 1726 1473 juridice,
1751 1373 1852 1474 quod
1870 1373 1907 1450 in

379 1488 492 1566 lluvio
518 1489 753 1590 piscarentur
781 1499 912 1568 contra
940 1489 1169 1568 voluntatem
1198 1503 1378 1573 nostram.

428 1617 754 1696 15511166166116
783 1616 823 1695 in
853 1618 1088 1696 commodum
1115 1627 1253 1695 nostrae
1281 1621 1463 1717 ecclesiae,
1495 1624 1542 1700 de
1572 1621 1676 1703 1111111
1706 1652 1765 1728 gr.
1793 1629 1906 1704 annui

379 1771 528 1842 census,
552 1747 616 1849 qui
637 1771 769 1828 census
791 1747 1083 1852 repraesentabat
1106 1743 1347 1848 capellaniam
1369 1747 1494 1826 clostri
1519 1751 1566 1828 de
1582 1754 1776 1850 Eversum,
1797 1780 1908 1856 quem

379 1875 528 1976 quidam
567 1875 825 1954 detrectabant
857 1877 897 1954 in
926 1873 1195 1956 west-Fletera
1232 1898 1345 1976 super
1382 1902 1451 1956 v111
1485 1879 1545 1954 vel
1583 1880 1739 1982 amplius
1778 1894 1908 1959 metas.

378 1999 514 2076 Noster
546 1999 670 2101 itaque
707 2000 870 2077 decanus
904 2011 942 2078 et
974 2013 1179 2079 conventus
1212 2001 1516 2083 demonstrarunt
1549 2032 1635 2083 eum
1667 2007 1775 2084 nobis
1808 2033 1911 2085 com-

380 2137 507 2226 petere
537 2128 637 2229 quod
667 2126 844 2204 hactenus
874 2129 921 2205 ab
951 2125 1303 2207 immemorabilibus
1332 2130 1562 2232 temporibus
1595 2133 1675 2234 ejus
1710 2158 1838 2227 causa,
1870 2146 1911 2209 ut

379 2253 626 2349 tenebantur,
673 2255 832 2356 legerint
866 2255 1009 2359 vigilias
1050 2265 1089 2332 et
1128 2254 1258 2334 missas
1302 2281 1372 2360 pro
1411 2258 1608 2336 defunctis
1656 2261 1754 2337 Reus
1799 2261 1911 2362 igitur

380 2382 531 2459 nornine
568 2383 685 2461 Nicol.
721 2381 878 2481 Nicolai,
915 2384 988 2461 lata
1021 2409 1044 2460 a
1078 2393 1208 2460 senatu
1247 2380 1431 2457 Fornensi
1470 2381 1673 2476 sententia,
1715 2381 1911 2457 damnatus

380 2506 460 2583 luit.
489 2509 565 2585 llac
594 2507 749 2586 fortasse
779 2509 827 2585 de
857 2531 967 2588 causa
995 2508 1125 2587 dicunt
1152 2532 1336 2612 pauperes
1356 2507 1720 2588 west-Fletereuses
1744 2532 1812 2584 nos
1841 2508 1910 2585 illis

381 2635 518 2715 debere
542 2637 696 2739 singulis
721 2636 1030 2734 hebdomadibus,
1058 2649 1179 2716 certos
1204 2662 1362 2714 numero
1387 2661 1514 2740 panes.

428 2775 562 2851 Noster
585 2772 803 2875 prepositus
832 2796 918 2849 cum
941 2769 1085 2873 reliquo
1112 2779 1260 2847 taxatur
1288 2771 1408 2866 clero,
1432 2771 1537 2872 jussu
1569 2769 1662 2846 Caes.
1693 2769 1909 2870 majestatis,

379 2903 589 2978 Taruanam
618 2901 842 3000 obsidentis,
873 2901 1018 2979 eodem.
1045 2900 1167 2975 Caesar
1197 2897 1378 3000 expeditis
1403 2896 1554 2992 litteris,
1587 2921 1632 2972 ex
1663 2905 1792 2972 nostra
1822 2919 1913 2996 sup-

379 3027 576 3129 plicatione
613 3053 744 3106 severe
777 3028 954 3126 inhibuit,
991 3038 1126 3105 statuta
1163 3051 1290 3128 paena,
1332 3051 1379 3103 ne
1418 3024 1513 3103 ullus
1550 3026 1589 3102 in
1629 3025 1768 3102 nostris
1807 3025 1911 3126 aquis

380 3151 604 3251 piscaretur,
644 3150 777 3228 eodem
809 3151 849 3228 in
886 3150 1043 3229 octobri.
1081 3156 1151 3230 llas
1183 3154 1374 3254 apparitor
1412 3153 1569 3230 diversis
1606 3152 1838 3254 temporibus
1875 3164 1912 3227 et

380 3279 484 3381 pagis
517 3289 601 3381 post
628 3278 776 3356 missam
806 3275 1019 3380 publicavit.
1053 3279 1233 3358 Redditus
1261 3279 1376 3356 annui
1404 3280 1676 3357 frumentorum
1709 3280 1839 3355 mutati
1870 3281 1908 3355 in

380 3406 630 3506 pecuniarios,
662 3431 732 3508 per
764 3405 927 3483 arbitros
956 3404 1043 3484 hinc
1077 3407 1164 3484 inde
1194 3417 1376 3509 sumptos:
1408 3418 1446 3485 et
1479 3407 1568 3484 dum
1598 3407 1779 3502 afferunt,
1817 3409 1912 3484 dan-

380 3537 450 3614 dus
474 3537 543 3614 illis
573 3538 749 3616 honestus
778 3539 911 3617 victus.
942 3535 1098 3615 Micbael
1125 3534 1183 3610 Pit
1207 3535 1404 3614 mulctatus
1432 3548 1489 3615 est
1513 3563 1621 3640 paena
1647 3538 1749 3639 quod
1776 3537 1911 3638 piscari

380 3689 489 3741 ausus
527 3665 614 3762 luit,
657 3666 803 3743 eodem.
844 3669 1015 3744 Teruana
1055 3664 1288 3740 Morinorum
1325 3666 1541 3769 metropolis
1580 3667 1726 3761 invasa,
1768 3665 1907 3759 deleta,

381 3795 618 3872 6111161555.

431 3918 540 3995 1551.
579 3919 690 3998 Facta
733 3921 959 4024 permutatio
996 3919 1126 4022 (vulgo
1165 3917 1288 4020 logice)
1331 3944 1513 3998 consensu
1557 3920 1684 3998 vicarii
1723 3917 1909 4021 generalis

380 4047 624 4145 Morinorum,
648 4061 836 4130 terrarum
861 4052 960 4130 inter
989 4053 1035 4128 D.
1065 4062 1160 4153 past.
1189 4051 1229 4128 S.
1254 4046 1430 4124 Richardi
1457 4059 1495 4126 et
1519 4050 1564 4124 D.
1593 4047 1736 4124 vander
1767 4046 1910 4120 Graclrt

381 4185 452 4254 etc.
480 4176 548 4254 ler.
581 4178 607 4254 1
632 4161 714 4279 post
739 4180 1045 4258 Misericordiam.

428 4307 581 4384 Eodem.
614 4307 716 4385 Obiit
743 4311 791 4388 D.
820 4309 1040 4413 praepositus
1070 4307 1267 4402 Quintinus
1297 4306 1460 4401 Caulier,
1490 4307 1515 4383 8
1544 4305 1650 4399 maii,
1686 4303 1909 4405 podagricus

381 4445 422 4510 ut
450 4432 540 4510 mibi
565 4434 727 4530 videtur,
753 4435 821 4513 luit
844 4437 905 4515 vir
927 4436 1036 4513 valde
1064 4459 1208 4539 gnavus
1238 4436 1276 4511 in
1306 4435 1463 4538 negotiis
1492 4435 1644 4528 domus,
1670 4433 1775 4535 cujus
1802 4455 1912 4508 causa
1948 4489 1954 4497 .

377 4565 454 4664 jam
489 4561 624 4640 adhinc
652 4563 777 4643 multis
809 4566 916 4642 annis
951 4564 1075 4642 multis
1110 4562 1327 4664 perfunctus
1357 4571 1412 4636 est
1445 4557 1652 4650 laboribus3
1684 4558 1731 4633 de
1763 4555 1832 4632 hoc
1866 4579 1913 4630 ex

383 4684 554 4765 omnibus
589 4691 705 4791 (qnos
738 4689 888 4791 quidem
923 4688 1039 4792 vidi),
1080 4705 1196 4797 agunt
1229 4690 1484 4769 anniversaria
1522 4685 1663 4764 domini
1702 4685 1852 4762 boensis
1889 4685 1913 4758 5

384 4817 578 4916 februarii,
614 4831 651 4896 et
686 4821 847 4925 denique
880 4825 932 4900 sic
967 4825 1116 4928 scripsit
1148 4824 1187 4901 in
1221 4815 1486 4920 martyrologio
1521 4826 1650 4891 nostro
1684 4810 1914 4889 reverendus

382 4945 553 5022 dominus
578 4960 705 5026 noster
730 4952 950 5052 praepositus
975 4953 1136 5031 lacobus
1161 4979 1235 5029 van
1257 4951 1325 5027 der
1350 4947 1466 5023 Beke:
1497 4943 1589 5020 obiit
1615 4943 1685 5045 piae
1712 4951 1750 5016 et
1778 4947 1913 5014 sanctae
