5132 6412
669 930 719 1007 60
1264 917 1584 1000 cnaortlcon

669 1181 769 1259 diem
795 1181 835 1256 S.
859 1177 1054 1282 Augustini
1080 1186 1208 1254 exusta
1237 1186 1295 1252 est
1323 1200 1407 1252 cum
1436 1175 1559 1279 aliqua
1588 1177 1813 1283 supellectile
1843 1178 2044 1256 censuerim
2068 1176 2194 1254 Danils

669 1312 781 1414 volgo
797 1311 897 1388 Deis.
919 1308 1132 1387 Gratiarum
1148 1307 1311 1385 actiones
1335 1305 1483 1383 indictae
1501 1329 1569 1407 per
1591 1304 1775 1382 diocesem
1796 1316 1981 1401 nostram,
2000 1302 2130 1381 litteris
2146 1301 2194 1378 ab

669 1437 763 1516 Aula
779 1437 827 1513 ad
844 1437 1057 1540 episcopum
1076 1446 1246 1513 nostrum
1262 1434 1398 1530 missis,
1417 1459 1494 1512 xvn
1516 1434 1679 1538 augusti,
1702 1434 1743 1508 in
1761 1433 1890 1510 ultima
1914 1434 2073 1536 augusti,
2092 1431 2194 1535 quod

671 1570 773 1637 certo
801 1561 1003 1662 Ratispona
1028 1572 1124 1636 esset
1148 1571 1380 1660 recuperata.
1408 1564 1548 1640 Domus
1575 1564 1634 1640 illa
1659 1562 1789 1640 obusta
1819 1562 1941 1665 paullo
1971 1574 2056 1663 post
2084 1587 2196 1666 repa-

670 1689 749 1766 rari
769 1700 886 1792 caepta
903 1689 1016 1766 multo
1034 1687 1275 1791 splendidius.
1295 1688 1549 1792 Aquagiorum
1565 1688 1732 1767 membra
1758 1689 1817 1765 bic
1840 1690 1887 1766 de
1907 1715 2012 1767 more
2030 1689 2197 1768 solebant

669 1821 843 1915 tractari,
870 1821 936 1896 sed
961 1819 1001 1896 in
1022 1818 1224 1920 septembri
1250 1819 1296 1895 D.
1325 1819 1544 1920 praepositus
1567 1818 1824 1920 abrogandum
1850 1821 2004 1897 censuit.

722 1953 831 2032 1654.
858 1955 968 2030 luitio
1001 1955 1219 2056 septembris
1248 1951 1437 2054 negotium
1462 1951 1535 2029 litis
1561 1967 1698 2032 nostrae
1723 1966 1854 2032 contra
1879 1958 1925 2032 ll.
1948 1957 1994 2034 D.
2025 1955 2195 2033 abbatem

671 2084 719 2157 de
736 2083 810 2158 Loo
828 2082 888 2157 bic
904 2081 1090 2183 promovit
1111 2082 1157 2156 D.
1177 2079 1332 2156 nichae}
1349 2082 1397 2157 de
1414 2083 1654 2163 Goimecourt
1674 2087 1901 2164 consiliarius
1919 2087 2192 2183 (landavensis,

671 2236 755 2288 com
767 2213 813 2287 D.
830 2211 1000 2288 Cornelio
1019 2210 1281 2313 pensionnario
1296 2211 1478 2286 Furnensi
1496 2221 1533 2285 et
1545 2209 1717 2287 Mattbaeo
1731 2207 1995 2304 Winnebroot,
2010 2210 2196 2288 causidico

672 2349 800 2415 nostro
822 2338 1075 2433 Gandavensi,
1098 2337 1232 2413 auditis
1253 2339 1487 2438 quorundam
1504 2339 1703 2417 'hominum
1726 2316 2030 2442 depositionibus.
2055 2341 2195 2418 Octava

672 2467 851 2563 octobris,
876 2493 958 2570 quae
984 2477 1065 2543 erat
1088 2465 1292 2560 dominica,
1322 2467 1388 2542 ivit
1414 2470 1459 2544 D.
1484 2466 1701 2570 praepositus
1725 2477 1851 2542 noster
1878 2491 1962 2568 cum
1985 2468 2030 2542 D.
2056 2466 2196 2543 decano

671 2603 800 2671 nostro
817 2606 854 2670 et
870 2593 1059 2696 capellano
1077 2618 1162 2687 suo,
1181 2593 1229 2668 ad
1247 2594 1285 2669 S.
1307 2593 1399 2668 Sixti
1416 2593 1669 2670 celebraturus
1690 2617 1874 2669 summum
1891 2618 2036 2669 sacrum
2053 2595 2091 2670 S.
2111 2595 2196 2671 Bri-

671 2723 788 2822 gittae,
808 2724 911 2823 cujus
932 2723 1108 2799 festivitas
1131 2734 1220 2798 tunc
1241 2723 1352 2797 ctiam
1370 2733 1468 2818 crat,
1490 2724 1538 2798 de
1555 2749 1628 2826 qua
1649 2727 1690 2799 P.
1715 2723 1889 2825 supprior
1910 2725 1952 2800 F.
1973 2725 2196 2825 Reginaldus

671 2875 692 2924 a
719 2849 837 2952 gratia
861 2849 929 2926 Dei
955 2875 1164 2926 sermonem
1191 2843 1319 2952 gallice
1344 2848 1505 2926 babebat
1530 2877 1613 2927 cum
1640 2852 1747 2928 laude
1773 2851 2014 2929 audientium.

722 2978 884 3054 Transiit
912 3005 980 3081 per
1002 2982 1178 3055 Eversum
1202 2979 1264 3055 die
1296 2979 1341 3054 ld
1373 2977 1555 3074 octobris,
1587 2981 1632 3056 D.
1664 2978 1944 3054 archidiaconus
1968 2979 2130 3081 lprensis
2158 2993 2197 3057 et

673 3131 781 3182 mane
806 3107 962 3207 Burgum
988 3107 1066 3183 ivit.
1090 3108 1183 3182 Item
1210 3105 1350 3181 clariss.
1375 3105 1435 3182 vir
1460 3108 1506 3182 D.
1534 3106 1713 3182 Jeremias
1737 3107 1943 3182 Pirsenaeus
1968 3107 2195 3186 consiliarius

672 3233 925 3312 (landavensis
951 3235 985 3310 l.
1016 3237 1060 3311 U.
1094 3236 1193 3311 doct.
1223 3245 1261 3311 et
1292 3243 1402 3334 poeta
1427 3235 1569 3334 gravis,
1595 3262 1680 3312 cum
1703 3262 1776 3338 quo
1804 3236 1973 3313 collocuti
1998 3236 2133 3314 luimus
2159 3251 2196 3314 et

672 3354 882 3434 collusimus
899 3357 1142 3434 familiariter:
1163 3357 1241 3434 ibat
1266 3356 1352 3433 binc
1378 3358 1543 3437 Furuam
1567 3374 1696 3439 nostra
1713 3363 1850 3466 scapha
1870 3361 1933 3439 ubi
1955 3365 2068 3465 pestis
2092 3390 2197 3467 grus-

673 3485 747 3562 sari
773 3486 983 3590 incipiebat.

662 3603 665 3612 ’
722 3615 756 3691 Α
771 3614 817 3691 19
834 3615 996 3691 octobris
1013 3617 1122 3717 caepit
1138 3616 1326 3718 pluviosus
1343 3626 1408 3694 adr
1421 3630 1459 3693 et
1474 3620 1576 3695 dedit
1589 3621 1752 3722 pluviam
1766 3647 1849 3697 cum
1866 3621 2032 3698 anteaab
2044 3635 2198 3725 anguto

675 3743 739 3818 vix
764 3743 881 3818 sexies
906 3743 1042 3819 bonam
1060 3744 1222 3845 pluviam
1239 3742 1505 3841 habueramus,
1530 3748 1629 3824 unde
1652 3751 1805 3852 contigit
1822 3751 1978 3851 penuria
1998 3778 2197 3853 aquarum,

675 3868 957 3971 graminumque
975 3869 1171 3968 pecoribus
1189 3871 1395 3972 pascendis.
1415 3876 1634 3955 Benedictus
1657 3881 1817 3981 optimus
1835 3908 1903 3984 per
1920 3883 2044 3958 omnia
2061 3885 2196 3962 DEUS.

724 4000 878 4077 Eodem.
914 4001 982 4076 Die
1011 4000 1213 4095 dominica,
1246 4003 1294 4078 BV
1329 4001 1508 4098 octobris,
1546 4005 1682 4085 litaniae
1715 4011 1874 4112 majores
1908 4023 2081 4088 resumtae
2113 4025 2199 4091 ante

676 4154 859 4206 summum
889 4130 1043 4206 Sacrum
1072 4155 1176 4206 more
1206 4142 1315 4207 antea
1340 4129 1467 4226 solito,
1499 4141 1536 4208 et
1566 4130 1701 4210 litaniae
1726 4137 1767 4210 B.
1788 4135 1953 4237 Virginis
1983 4147 2068 4237 post
2096 4161 2199 4214 com-

674 4252 890 4355 pletorium,
923 4277 1007 4329 cum
1040 4279 1080 4332 111
1111 4252 1356 4350 orationibus:
1391 4261 1489 4334 Deus
1524 4260 1583 4336 cui
1618 4287 1748 4363 propr.
1786 4262 1937 4363 Omnip.
1974 4263 2198 4365 sempiterne

676 4382 775 4458 Deus
796 4381 859 4484 qui
885 4382 972 4458 l'ocis
997 4381 1130 4460 mirab.
1155 4385 1272 4479 Deus,
1298 4387 1361 4488 qui
1384 4412 1452 4464 nos
1473 4413 1496 4464 a
1516 4387 1638 4464 saeculi
1658 4389 1821 4465 vanitate
1842 4413 2054 4467 conversos.
2074 4390 2200 4468 Voluit

677 4520 801 4585 tamen
835 4512 880 4585 D.
916 4511 1135 4622 praepositus
1168 4522 1210 4587 ut
1243 4514 1349 4591 dictae
1383 4546 1423 4595 nr
1457 4521 1643 4596 orationes
1677 4519 1890 4596 dicerentur
1924 4531 2008 4622 post
2041 4519 2199 4621 majores

678 4635 823 4711 litanias
857 4648 1005 4740 etpost
1034 4638 1178 4717 litanias
1207 4643 1249 4718 B.
1275 4645 1439 4748 Virginis
1473 4651 1592 4726 oratio
1622 4649 1742 4726 eidem
1776 4649 1929 4752 propria
1957 4691 2007 4706 -
2034 4646 2200 4724 Defende

678 4789 792 4866 quaes.
820 4791 904 4842 cum
929 4811 978 4825 -
1003 4767 1080 4846 Sub
1104 4781 1209 4846 tuum
1235 4775 1461 4873 praesidium.

726 4899 879 4979 Eodem.
899 4905 1032 5006 Magna
1047 4929 1178 4982 verum
1195 4897 1349 5010 pompa,
1368 4916 1554 4991 communi
1571 4915 1765 5016 Belgarum
1786 4869 1910 4989 laetitia
1927 4909 2159 4986 introductus
2176 4933 2198 4984 e

677 5028 780 5110 Vura
799 5030 1008 5114 Bruxellam
1023 5032 1092 5116 fuit
1103 5032 1373 5118 illustrissimus
1389 5042 1434 5117 D.
1451 5038 1647 5120 cardinalis
1664 5039 1702 5116 S.
1718 5037 1764 5113 ll.
1785 5034 1947 5116 ecclesiae
1968 5034 2082 5114 irater
2099 5030 2198 5133 regis
