5132 6412
943 890 1377 969 EVERSHAMENSE.

1004 1501 1334 1624 minimos

367 1925 370 1930 ⁵
435 1945 776 2032 BENBFAGTORUH
802 1947 1122 2034 PRAEGIPUORUM
1146 1947 1320 2034 NOSTRAE
1346 1943 1551 2031 noomnn
1576 1946 1632 2031 on
1658 1946 1902 2033 EVERSHAH.

1396 2870 1572 2922 Benefloentiae
1589 2873 1666 2922 nolito
1682 2873 1796 2924 oblivioni
1812 2880 1838 2924 et

1426 2953 1491 3016 groti
1508 2956 1597 3002 outone.

458 3209 512 3282 Ex
551 3208 725 3308 opinione
759 3205 1005 3310 quorumdam
1039 3218 1077 3283 ot
1112 3207 1311 3284 traditione
1343 3206 1532 3283 seniorum
1567 3218 1718 3308 putatur
1752 3231 1847 3284 unus
1888 3236 1934 3284 ex

410 3333 644 3411 Haveskerke
662 3334 852 3412 nobilitate
869 3334 929 3408 hie
947 3331 1123 3412 obtulisse
1140 3337 1178 3410 S.
1197 3338 1309 3412 Petro
1326 3335 1498 3412 sacellum
1516 3337 1617 3439 quod
1636 3336 1788 3413 fratrem
1811 3363 1931 3434 suum,

410 3461 473 3564 qni
503 3488 635 3564 aprum
664 3463 734 3539 sibi
765 3463 1027 3564 praeripnemt,
1059 3462 1231 3539 aemulum
1261 3462 1406 3564 gloriae,
1439 3463 1644 3540 occidisset.

457 3591 680 3668 Gualbortus
692 3616 807 3694 porro
821 3590 985 3669 honestae
999 3593 1083 3669 vitae
1096 3591 1269 3668 sacerdos
1283 3591 1413 3693 petivit
1426 3589 1565 3669 dictum
1579 3593 1752 3671 sacellum
1765 3593 1935 3671 libertate

408 3721 538 3798 donari
562 3721 608 3799 ab
626 3723 799 3825 episcopo
817 3723 1065 3800 Morinorum:
1088 3716 1249 3816 nloodo,
1269 3720 1468 3798 canonicus
1486 3720 1726 3816 Cassolensis,
1745 3721 1814 3800 sub
1832 3724 1935 3824 cujus

408 3851 568 3951 paroecia
594 3851 703 3926 situm
730 3862 830 3946 erat,
858 3849 1027 3953 petitioni
1051 3849 1161 3926 iavet.

458 3980 647 4058 Gornrdus
670 3982 819 4058 demum
844 3981 1037 4083 episcopus
1058 3979 1145 4055 doto
1170 3977 1330 4080 desuper
1352 3977 1617 4075 instrumento,
1645 3977 1745 4055 idem
1766 3978 1936 4056 libertate

408 4109 561 4186 donavit
593 4136 677 4186 cum
711 4112 806 4187 atrio
835 4110 1047 4212 adjacente,
1079 4108 1261 4210 jussitque
1290 4106 1526 4210 apostolicam
1557 4109 1773 4185 canonicam
1802 4110 1934 4203 vitam,

404 4239 510 4339 juxta
534 4241 576 4314 B.
597 4240 791 4340 Augustini
817 4240 1004 4344 regulam,
1029 4266 1050 4315 a
1072 4236 1249 4314 iratribus
1270 4236 1410 4339 jugiter
1439 4238 1560 4314 teneri
1586 4249 1697 4339 atque
1724 4235 1934 4332 observari,

407 4394 506 4446 anno
532 4369 679 4445 Domini
705 4372 741 4445 M
766 4371 863 4465 xcl,
895 4371 1127 4473 episcopatus
1159 4367 1238 4468 ejus
1271 4375 1371 4442 anno
1396 4367 1505 4463 VHJ,
1535 4392 1619 4443 cnm
1645 4365 1812 4469 pluribus
1837 4391 1937 4468 prae·

407 4499 566 4576 sentium
596 4498 729 4601 signis,
761 4500 825 4601 qui
854 4510 963 4576 erant
992 4499 1030 4574 in
1060 4496 1240 4599 dignitate
1270 4496 1513 4574 ecclesiastiea
1542 4496 1745 4574 constituti.

454 4630 496 4704 B.
521 4631 683 4706 loannes
704 4631 935 4708 Morinorum
957 4629 1151 4732 episcopus
1172 4627 1248 4704 vito
1267 4650 1312 4702 nc
1333 4624 1503 4702 doctrino
1525 4623 1726 4727 gloriosus,
1749 4624 1789 4699 S.
1814 4623 1938 4700 lvonis

406 4762 594 4861 quondam
620 4761 839 4865 discipulus,
864 4788 907 4839 ao
933 4760 1132 4839 cononicus
1154 4755 1336 4862 regularis
1360 4756 1400 4832 in
1422 4758 1548 4834 Monte
1571 4755 1610 4834 S.
1634 4753 1760 4856 Eligii,
1788 4777 1939 4830 monos·

405 4889 540 4964 terium
566 4889 766 4991 plurimum
792 4891 978 4993 promovit
1004 4916 1047 4968 oo
1067 4889 1183 4994 juvit,
1209 4915 1309 4968 anno
1337 4887 1486 4967 Domini
1513 4885 1627 4982 1099,
1656 4897 1693 4962 et
1718 4884 1810 4961 obiit
1836 4907 1935 4960 anno
1989 4953 1991 4956 ,

406 5016 553 5094 Domini
579 5019 687 5095 1150.
