5088 6418
899 909 1234 990 EVERSHAMEN
1241 914 1314 990 SE.

386 1171 570 1274 Cepimus
588 1171 760 1274 jejunare
787 1181 867 1250 toto
895 1171 1058 1251 adventu
1088 1185 1126 1250 et
1154 1172 1341 1250 abstinere
1369 1199 1391 1248 a
1419 1171 1609 1250 carnibus.

391 1299 500 1378 still.
525 1299 635 1376 Festo
660 1299 699 1378 S.
718 1298 862 1402 Sylvini
879 1311 936 1378 est
956 1303 1175 1379 constitutus
1197 1302 1236 1378 in
1257 1301 1437 1379 decanum
1458 1305 1503 1378 D.
1528 1300 1688 1381 lacobus
1713 1302 1862 1380 Pieren.

393 1429 547 1505 Eodem.
566 1429 660 1505 Item
686 1429 867 1506 sancitum
889 1429 928 1505 in
956 1431 1115 1534 capitulo
1132 1427 1366 1534 presentibus
1391 1429 1533 1506 decano
1556 1437 1593 1505 et
1616 1429 1804 1507 canonicis
1827 1442 1867 1508 ut

341 1555 515 1658 deinceps
536 1555 955 1658 persolveremusoffie.
984 1557 1072 1636 deff.
1102 1585 1144 1636 111
1171 1558 1370 1637 lectionum
1396 1559 1545 1637 missam
1567 1570 1605 1635 et
1627 1559 1866 1637 commenda·

302 1723 310 1740 ·
339 1686 460 1764 tiones
482 1711 552 1788 pro
572 1696 679 1788 patre
703 1696 740 1763 et
764 1697 884 1764 matre
901 1685 1160 1790 religiosorum
1180 1687 1432 1789 professorum
1449 1696 1487 1762 et
1510 1687 1647 1764 laetum
1671 1687 1863 1764 haetenus.

341 1815 526 1892 Statutum
542 1823 723 1915 praeterea
745 1813 784 1890 in
809 1813 969 1918 capitulo
993 1827 1036 1892 ut
1056 1842 1126 1919 pro
1149 1816 1328 1894 canonico
1354 1816 1469 1893 lratrc
1489 1813 1684 1910 defuncto,
1712 1813 1867 1917 quilibet

341 1943 514 2022 sacerdos
530 1940 737 2020 celebraret
752 1969 779 2022 v
791 1943 939 2022 missas:
961 1969 1037 2021 non
1058 1942 1230 2021 sacerdos
1247 1943 1387 2047 legeret
1407 1940 1624 2045 psalterium
1648 1940 1866 2020 Davidicum

341 2081 480 2174 praeter
504 2067 595 2166 alia,
622 2080 660 2146 et
685 2069 708 2146 ⁷
734 2070 865 2173 psalm.
894 2082 932 2149 et
969 2097 1047 2150 xxx
1077 2072 1219 2149 missas.

392 2198 544 2277 Eodem.
581 2197 682 2275 Obiit
715 2201 761 2277 D.
794 2201 927 2277 Petrus
961 2202 1212 2278 Timmerman
1233 2197 1651 2301 Winnoei-Bergensis‚
1686 2209 1867 2302 quatum-

342 2327 462 2404 deeim
487 2349 696 2429 perennes
719 2326 1169 2432 apopleeticustprimum
1193 2327 1437 2406 dissolutioris
1462 2329 1773 2425 conversationis,
1802 2329 1869 2406 sed

343 2457 411 2534 Dei
441 2456 559 2559 gratia
587 2466 728 2533 tractus
761 2482 830 2560 per
858 2456 1033 2536 undecim
1062 2456 1145 2561 plus
1178 2457 1301 2534 minus
1332 2480 1452 2534 annos
1479 2454 1594 2534 variis
1627 2455 1865 2558 poenitentiis,

344 2583 516 2664 abstersit
538 2584 700 2662 maculas
729 2587 927 2664 criminum
951 2587 1118 2692 jejuniis,
1145 2587 1394 2683 orationibus,
1425 2586 1553 2664 ciliciis
1577 2586 1761 2664 continuis
1787 2587 1866 2664 sive

344 2714 568 2816 quotidianis
601 2725 672 2792 ete.
710 2726 878 2794 servatus
907 2716 1074 2794 ereditur
1106 2741 1129 2794 a
1161 2715 1343 2794 diabolica
1376 2723 1557 2818 potestate
1589 2713 1691 2815 quod
1720 2715 1759 2790 in
1793 2713 1870 2790 vita

346 2845 415 2920 ista
439 2840 690 2938 dissolutiore,
719 2844 847 2922 solitus
870 2855 968 2922 esset
987 2845 1159 2947 jejunare
1175 2871 1272 2948 pane
1297 2857 1336 2924 et
1359 2870 1456 2949 aqua
1481 2841 1612 2921 diebus
1637 2841 1806 2920 sabbathi
1832 2843 1870 2919 in

346 2971 528 3049 honorem
565 2972 879 3076 Matris-Virginis
919 2973 1102 3052 MARIAE.
1140 2974 1300 3069 Saxum,
1338 2998 1413 3076 qrro
1448 2983 1576 3075 peetus
1614 2994 1745 3068 suum,
1786 2995 1871 3047 cum

346 3098 527 3201 psalmum
561 3099 729 3176 Miserere
762 3098 904 3204 legeret
938 3103 1098 3182 tundere
1131 3114 1392 3198 consueverat,
1428 3127 1544 3206 penes
1581 3127 1641 3179 me
1678 3113 1753 3196 cst,
1793 3127 1871 3204 prae

345 3253 414 3305 usu
444 3227 656 3330 levigatum.
683 3230 738 3305 llx
766 3229 924 3308 lectione
948 3230 1211 3333 opusculorum
1233 3235 1278 3333 D.
1301 3233 1463 3308 loannes
1487 3227 1731 3332 Ruysbroeelr
1758 3255 1872 3332 super

345 3355 595 3458 resignatione
621 3358 819 3436 voluntatis
843 3359 882 3436 in
907 3358 1134 3437 voluntatem
1161 3361 1243 3455 Dei,
1273 3383 1474 3438 conversus
1504 3357 1584 3434 luit.
1616 3359 1716 3435 lacet
1744 3357 1871 3460 sepul-

345 3498 406 3564 tus
434 3485 541 3587 juxta
574 3486 669 3564 latus
702 3489 832 3564 matris
861 3512 937 3566 suae
970 3488 1009 3564 in
1042 3487 1178 3590 angulo
1212 3487 1390 3580 ambitus,
1422 3509 1553 3563 versus
1582 3485 1796 3580 meridiem,
1826 3485 1873 3561 l8

345 3615 487 3717 aprilis.

394 3742 546 3820 Eodem.
574 3743 661 3820 Fuit
686 3743 816 3848 ingens
842 3756 880 3824 et
910 3745 1115 3848 periculosa
1140 3766 1323 3848 aquarum
1351 3739 1495 3818 illuvies
1519 3764 1587 3841 per
1609 3737 1744 3815 Fland.
1775 3735 1876 3813 cirea

344 3875 426 3951 lest.
454 3875 492 3951 S.
521 3875 880 3979 loannis-baptistae.
911 3879 957 3954 R.
983 3878 1025 3953 P.
1051 3873 1241 3953 luvenalis
1263 3871 1312 3948 de
1336 3869 1466 3974 Bergis
1491 3870 1530 3946 S.
1551 3867 1728 3949 Wiuuoci
1762 3891 1877 3968 eapu-

344 4001 514 4080 cinorum
543 4004 712 4105 provinc.
743 4005 988 4108 guardinam,
1019 4008 1137 4083 Roma
1166 4023 1340 4082 reversus
1370 3999 1431 4077 hie
1457 3997 1629 4092 divertit,
1658 4008 1696 4075 et
1725 3996 1875 4074 cuidam

344 4131 517 4235 religioso
542 4132 765 4212 febricitanti
790 4147 832 4212 ut
856 4133 1082 4239 pedetentim
1109 4128 1402 4222 convalesceret,
1432 4125 1611 4229 impertiit
1637 4125 1809 4228 gratim.

396 4261 507 4339 tttt.
527 4260 667 4339 Relicto
694 4263 891 4341 refectorio
914 4261 1066 4363 antiquo
1093 4257 1141 4334 ad
1162 4256 1261 4334 aliud
1279 4254 1407 4333 subter
1427 4252 1688 4331 dormitorium
1706 4263 1876 4355 paratum

345 4391 604 4470 descendimus
634 4393 673 4468 in
694 4394 885 4495 januario,
914 4392 975 4468 die
1002 4388 1065 4465 ts.

394 4517 548 4596 Eodem.
580 4519 761 4620 Cepimus
790 4519 914 4624 legere
947 4530 1031 4621 post
1060 4515 1261 4621 prandium
1294 4510 1425 4615 psalm.
1460 4513 1628 4589 miserere
1655 4510 1716 4588 vel
1747 4509 1879 4608 alium,

348 4648 471 4726 eundo
494 4647 543 4724 ad
567 4673 705 4726 nonam
731 4649 926 4754 legendam
953 4648 992 4724 iu
1022 4645 1208 4724 sacellum.

393 4775 547 4854 Eodem.
575 4776 682 4869 Quod
705 4787 835 4878 portus
860 4773 1100 4854 Flandrcnsis
1125 4771 1254 4850 oceani
1275 4772 1381 4874 jussu
1406 4769 1585 4873 principis
1615 4780 1747 4848 essent
1771 4771 1884 4848 clausi

344 4905 524 4982 mercium
551 4907 791 5009 negotiationi
821 4931 906 4984 eum
938 4903 1167 4997 bollandus,
1204 4925 1281 4978 non
1311 4899 1404 4977 nihil
1435 4898 1676 5003 angebamur
1710 4899 1759 4975 de
1787 4898 1886 4976 victu

344 5032 671 5135 quadragesimali:
705 5034 772 5112 sed
797 5059 883 5110 eece
906 5057 1056 5109 omnem
1086 5030 1372 5110 sollicitudinem
1401 5029 1651 5134 projicientes
1681 5027 1719 5104 in
1748 5030 1885 5122 Deum,
2020 5093 2022 5098 ,
