5132 6412
1233 2873 1322 2926 omnia
1337 2875 1452 2942 probator
1471 2876 1538 2942 quod
1555 2876 1650 2926 bonum
1665 2881 1718 2941 cst,
1734 2883 1822 2928 umes.

364 3423 406 3495 ln
449 3418 620 3495 omnibus
661 3417 927 3495 honorificetur
968 3419 1068 3493 Deus
1108 3442 1177 3518 per
1218 3419 1338 3494 lesum
1380 3416 1566 3494 Christum
1608 3418 1741 3494 Filium
1782 3429 1886 3496 tuum

836 3544 1036 3620 Dominum
1061 3553 1243 3621 nostrum.
1273 3542 1407 3624 Amen.

411 3854 464 3926 Ex
498 3851 680 3927 maiorum
714 3849 913 3927 traditione
943 3849 1150 3951 accepimus
1180 3848 1273 3924 duos
1306 3847 1439 3923 fratres
1473 3847 1543 3923 hoc
1577 3848 1616 3922 in
1644 3847 1726 3925 loco
1760 3854 1887 3950 (erant

362 3980 461 4054 enim
493 3989 571 4053 tum
603 3977 714 4079 sylvae
748 3989 785 4054 et
813 3978 985 4081 paludes)
1014 4003 1147 4079 aprum
1175 3975 1286 4053 fuisse
1316 3985 1485 4051 venatos:
1526 3985 1563 4050 et
1592 3986 1700 4075 capto
1734 3977 1885 4056 tandem

363 4102 411 4178 ab
440 4125 515 4178 uno
548 4125 678 4177 eorum
711 4125 821 4202 apro,
853 4103 952 4178 hunc
986 4127 1031 4177 ex
1065 4104 1298 4181 aemulatione
1327 4101 1374 4179 ab
1412 4101 1529 4178 altero
1563 4101 1674 4178 fuisse
1706 4103 1885 4198 occisum3

363 4229 599 4331 superstitem
641 4253 756 4330 porro
797 4234 863 4330 (ex
905 4232 1104 4310 devotione
1147 4258 1196 4310 an
1240 4259 1287 4309 ex
1334 4233 1499 4309 iniuncta
1540 4232 1609 4308 sibi
1654 4235 1884 4334 paenitentia,

363 4362 570 4457 incertum)
611 4361 742 4437 eodem
785 4361 867 4439 loco
907 4363 1116 4439 condidisse
1158 4362 1274 4438 altare
1318 4363 1396 4440 sive
1439 4360 1631 4455 sacellum,
1676 4372 1714 4437 et
1754 4362 1888 4438 exhinc

362 4487 537 4589 deinceps
578 4488 618 4563 in
660 4489 876 4565 memoriam
917 4489 1002 4566 sacti
1044 4487 1164 4565 locum
1206 4489 1317 4567 fuisse
1360 4499 1397 4567 ct
1439 4513 1590 4566 manere
1632 4491 1882 4586 nominatum,

363 4611 637 4706 deversari,
670 4612 769 4713 quod
799 4611 912 4688 latina
945 4612 1071 4716 lingua
1099 4625 1206 4691 sonat
1234 4618 1338 4720 quasi
1367 4616 1689 4694 APRIPRATUM.
1721 4618 1886 4720 Namque

364 4739 491 4814 EVER
520 4749 578 4816 est
605 4738 746 4814 APER:
780 4749 819 4814 et
847 4739 967 4832 HAM,
999 4739 1076 4816 sive
1104 4741 1203 4817 ΗΕΜ
1233 4739 1320 4818 olim
1350 4739 1450 4841 apud
1476 4740 1647 4843 antiquos
1674 4740 1886 4817 Franeones

365 4870 442 4946 sive
468 4870 708 4972 Sycambros,
736 4869 904 4974 signabat
929 4871 1099 4963 domum,
1126 4897 1323 4973 pascuum,
1348 4873 1407 4950 vel
1433 4883 1593 4974 pratum.

346 4995 352 5002 ’
413 4999 555 5077 Deinde
580 5001 666 5077 huic
692 5001 922 5106 etymologiae
947 5001 1045 5082 favet
1070 5001 1171 5104 quod
1196 4998 1354 5077 habetur
1384 4999 1423 5074 in
1449 4993 1719 5100 antiquioribus
1748 4994 1884 5070 nostris
