5132 6412
948 882 1366 962 EVERSHAMENSE.

401 1154 459 1218 tlt:
693 1149 798 1216 Vaulr
822 1145 1056 1216 uVausuters
1079 1145 1263 1214 Cutnlrrrr
1285 1148 1448 1216 ororulUs
1471 1149 1565 1215 aDas

698 1286 854 1335 retentus
879 1287 1012 1348 rtsron,
1037 1268 1125 1335 oVrs
1148 1287 1209 1335 our
1233 1287 1329 1334 amur
1348 1269 1447 1339 suis.

1500 1408 1570 1461 Prid.
1589 1409 1615 1462 Β.
1634 1409 1742 1460 Pudeat.

403 1685 537 1759 Fertur
557 1680 693 1758 dixisse
718 1704 757 1756 se
778 1703 960 1780 nusquam
985 1687 1062 1752 tam
1087 1669 1283 1774 magnifice
1304 1699 1348 1750 ae
1369 1675 1562 1777 splendide
1584 1676 1693 1755 fuisse
1715 1689 1922 1782 exceptum.

453 1805 563 1884 1629.
582 1804 660 1882 Sub
680 1803 840 1882 mediam
860 1813 1007 1881 noctem
1028 1800 1077 1877 26
1099 1799 1203 1896 maii,
1231 1825 1366 1905 magna
1382 1804 1451 1880 suit
1476 1805 1514 1881 in
1535 1807 1759 1884 monasterio
1777 1820 1815 1885 et
1835 1810 1929 1885 viei-

407 1938 466 2014 nia
492 1936 621 2031 turba,
647 1961 691 2012 eo
717 1934 993 2037 quodquidam
1020 1931 1233 2032 capitaneus
1255 1929 1514 2035 Curlingorum
1535 1932 1797 2011 Casletensium
1819 1935 1929 2012 vellet

405 2068 579 2145 violentia
617 2068 826 2168 irrumpere
860 2065 899 2140 in
932 2058 1197 2140 monasterium
1234 2083 1278 2134 ae
1315 2059 1367 2136 ibi
1400 2073 1622 2163 pernoctare
1657 2087 1741 2139 cum
1777 2063 1929 2140 cohorte

408 2224 490 2293 sua,
518 2197 584 2272 sed
601 2221 669 2272 nos
686 2193 734 2271 ad
756 2218 860 2269 arma
881 2200 1054 2269 sonantes
1076 2186 1294 2282 restitimus3
1318 2189 1435 2266 adsuit
1454 2202 1493 2267 et
1513 2191 1687 2268 auxilium
1705 2192 1926 2270 vicinorum.

454 2325 606 2403 Eodem.
635 2322 793 2416 Quidam
819 2345 912 2423 puer
940 2345 986 2395 ex
1014 2328 1116 2394 metu
1141 2318 1272 2392 mortis
1301 2342 1341 2394 se
1370 2319 1557 2397 occultans
1583 2321 1622 2396 in
1648 2321 1783 2398 horreo
1808 2347 1878 2424 per
1905 2325 1928 2396 5

409 2454 469 2530 vei
495 2457 521 2530 d
544 2455 622 2530 dies
648 2454 876 2554 totidemque
902 2461 1050 2543 noctes,
1077 2445 1245 2522 fricando
1271 2469 1292 2520 e
1317 2444 1427 2546 spicis
1452 2471 1586 2547 grana,
1615 2445 1719 2522 vixit.

457 2577 608 2653 Eodem.
645 2579 687 2652 ln
724 2573 798 2652 fine
829 2575 910 2676 julii
943 2573 1097 2676 glaciem
1130 2573 1244 2675 pluit:
1287 2573 1494 2650 acuminata
1531 2575 1687 2652 nimium
1723 2575 1931 2678 fragmenta

407 2705 524 2806 tetigi.
556 2706 599 2779 ln
629 2714 783 2805 augusto
813 2699 898 2778 [issa
931 2713 1059 2777 nostra
1092 2723 1289 2801 campana;
1323 2698 1407 2774 duae
1440 2699 1528 2776 susae
1558 2698 1661 2777 fuere
1692 2701 1730 2776 in
1756 2703 1931 2782 Watuwe

411 2856 502 2935 quas
533 2832 579 2908 D.
609 2830 828 2932 praepositus
857 2827 1067 2924 benedixit,
1099 2851 1212 2902 unam
1245 2825 1284 2901 in
1314 2825 1403 2903 bon.
1436 2828 1475 2905 S.
1506 2829 1677 2924 loannis,
1709 2828 1863 2908 alteram
1893 2832 1931 2906 in

410 2962 590 3038 honorem
618 2961 656 3036 S.
683 2958 893 3061 Augustini.
1135 2969 1137 2974 '

459 3087 611 3164 Eodem.
635 3087 752 3162 Mater
769 3087 814 3162 D.
836 3083 1024 3186 praepositi
1040 3081 1159 3158 nostri
1176 3081 1327 3158 nomine
1344 3083 1460 3160 Maria
1478 3081 1615 3181 Mallet,
1634 3084 1821 3184 jubilaria,
1841 3084 1933 3160 obiit

414 3215 661 3318 octogenaria.

461 3343 613 3420 Eodem.
643 3343 687 3416 ln
711 3339 836 3443 vigilia
861 3339 1025 3417 omnium
1052 3336 1117 3412 SS.
1143 3346 1301 3446 eaeptum
1326 3351 1382 3417 est
1405 3339 1546 3443 pulsari
1570 3343 1717 3444 vesperi
1743 3341 1812 3419 sub
1842 3341 1933 3419 bora

415 3475 457 3569 8,
483 3517 533 3529 —
557 3471 637 3548 Ave
661 3469 791 3545 Maria.

463 3595 615 3672 Eodem.
646 3593 840 3670 Consensit
868 3592 966 3668 idem
996 3595 1191 3697 episcopus
1224 3598 1332 3676 nobis
1363 3597 1546 3676 boeotiam
1577 3597 1789 3675 celebrandi
1818 3595 1936 3675 officia

380 3779 394 3794 .
416 3723 650 3827 particularia
675 3723 798 3799 ordini
827 3749 911 3799 ean.
938 3747 1034 3826 reg„
1066 3736 1104 3799 et
1130 3747 1153 3799 a
1181 3726 1220 3802 S.
1245 3727 1430 3828 Prospero
1456 3727 1630 3828 caepimus
1656 3725 1696 3803 in
1724 3725 1934 3804 novembri.

415 3852 538 3929 Pridie
559 3852 597 3927 S.
630 3849 763 3927 Nicasii
785 3849 906 3926 auctio
932 3849 1057 3927 babitu
1083 3867 1295 3933 nostrarum
1318 3855 1507 3958 sylvarum
1532 3855 1770 3949 valdemaro,
1799 3868 1839 3932 ut
1865 3879 1937 3931 una

415 3991 513 4056 meta
542 3979 760 4055 ascenderet
784 3976 905 4078 (quod
935 4004 1127 4081 nunquam
1155 3982 1343 4082 auditum)
1372 3983 1422 4061 ad
1443 3983 1509 4079 ut,
1541 3983 1590 4061 2⁷
1617 3995 1655 4061 et
1685 3981 1842 4085 amplius
1872 3981 1935 4057 lib.

415 4111 544 4188 Fland.
573 4110 670 4186 Ante
694 4108 853 4184 natalem
879 4110 1026 4184 Domini
1051 4111 1117 4188 tuit
1143 4123 1340 4190 ventorum
1366 4125 1577 4217 tempestat.

467 4240 575 4317 1650.
614 4240 658 4314 ln
692 4236 818 4339 aprili,
854 4238 899 4313 D.
933 4237 1106 4339 praelatus
1139 4251 1291 4317 vocatus
1324 4241 1561 4336 Gandavum,
1597 4241 1663 4318 ivit
1691 4241 1796 4342 jussu
1832 4265 1942 4315 reve-

418 4369 629 4449 rendissimi
650 4370 696 4445 D.
720 4367 896 4470 iprensis.
916 4370 988 4446 lvit
1009 4391 1157 4470 quoque
1179 4391 1247 4466 per
1272 4370 1452 4463 Duaeum,
1481 4368 1718 4445 Cameracum
1736 4393 1845 4445 causa
1870 4367 1943 4444 litis

419 4499 531 4577 curiae
555 4494 766 4588 Fromellis3
793 4494 961 4571 similiter
985 4495 1032 4572 ad
1059 4491 1335 4597 processionem
1359 4517 1521 4569 annuam
1545 4491 1808 4568 Furnensium.

465 4624 619 4701 Eodem.
637 4626 730 4699 item
748 4621 922 4699 invitatus
939 4624 1050 4698 Loam
1070 4623 1117 4700 m
1135 4623 1234 4719 maii,
1254 4625 1293 4700 in
1310 4625 1535 4702 monasterio
1548 4623 1812 4702 canonicorum
1828 4647 1942 4725 regu·

420 4753 565 4849 larium,
584 4751 647 4830 ubi
669 4778 690 4828 a
708 4753 1018 4831 reverendissimo
1040 4753 1192 4831 domino
1210 4753 1449 4830 renunciatus
1471 4763 1528 4830 est
1548 4751 1758 4830 membrum
1782 4759 1942 4828 statuum

419 4882 641 4959 Fiandriaee
668 4881 781 4959 clero.
809 4883 943 4959 Noster
969 4882 1256 4986 Paiphernerius
1282 4883 1351 4962 sub
1378 4894 1526 4960 noctem
1552 4883 1766 4962 submersus
1792 4895 1860 4960 est.

467 5011 619 5092 Eodem.
655 5013 701 5088 Ι).
734 5011 953 5122 praepositus
982 5024 1135 5096 vocatus
1168 5011 1387 5093 Gandavum
1418 5010 1539 5110 prima
1567 5009 1647 5090 vioe
1678 5010 1745 5089 ivit
1773 5008 1821 5085 ad
1850 5033 1942 5085 con-
