5132 6412
670 897 718 972 26
1277 893 1587 976 CHRONICON

668 1173 754 1228 rere
790 1173 922 1230 census
959 1148 1032 1228 100
1063 1148 1149 1227 libr.
1191 1149 1323 1251 parisis
1360 1172 1503 1242 annue,
1543 1157 1653 1250 atque
1692 1149 1762 1245 ita,
1803 1149 1936 1245 credo,
1978 1171 2048 1226 nos
2086 1148 2196 1226 luisse

670 1280 865 1356 immunes.

717 1407 849 1508 lllagna
873 1406 943 1484 fuit
964 1430 1145 1508 aquarum
1169 1405 1321 1484 alluvies
1344 1404 1383 1480 in
1408 1405 1602 1484 maritimis
1627 1407 1744 1485 occid.
1771 1406 2008 1516 Flandrensis
2032 1407 2127 1484 1477
2153 1409 2191 1484 14

670 1547 764 1637 sept.

718 1661 763 1736 D.
789 1660 1008 1763 praepositus
1029 1659 1222 1738 Balthazar
1239 1658 1331 1737 obiit
1354 1662 1401 1738 15
1427 1661 1513 1738 maii
1535 1660 1651 1754 1478,
1678 1658 1854 1736 successit
1876 1660 1922 1735 D.
1944 1659 2106 1734 loannes
2122 1681 2194 1732 van

669 1786 859 1866 Vleterne.
888 1787 1179 1890 Agri'recensiti
1204 1799 1242 1865 et
1266 1787 1424 1866 dimensi
1451 1789 1519 1864 sub
1544 1814 1643 1867 anno
1671 1789 1779 1868 1479.

716 1916 763 1989 Ι).
790 1916 1009 2018 praepositus
1030 1917 1192 1994 Joannes
1214 1928 1442 1993 memoratur
1469 1943 1619 1996 curasse
1644 1919 1804 2014 censeri,
1830 1916 1889 1994 vel
1917 1915 2062 1993 emetiri
2083 1937 2192 2016 agros

669 2053 815 2119 nostros
832 2044 901 2120 sub
918 2069 1057 2122 annum
1074 2044 1222 2123 Domini
1241 2046 1350 2124 lton.
1371 2045 1628 2124 Sanctissimus
1644 2053 1751 2146 pater
1768 2044 1813 2118 D.
1834 2042 1957 2118 Sintus
1974 2064 2070 2143 papa
2087 2039 2152 2134 IV,
2173 2063 2193 2112 e

668 2167 745 2242 vita
770 2167 960 2268 migravit,
986 2167 1199 2246 benefactor
1226 2180 1372 2268 noster,
1400 2197 1498 2249 anno
1527 2172 1642 2267 1485,
1671 2171 1703 2247 14
1731 2181 1788 2246 est
1816 2168 1879 2270 qui
1904 2167 2085 2269 jubileum
2111 2176 2194 2267 post

668 2317 742 2370 xxv
780 2317 897 2370 annos
928 2293 1009 2370 lieri
1039 2295 1218 2375 decrevit.
1252 2298 1500 2376 lllaximiliano
1533 2297 1702 2401 principe
1733 2307 1861 2373 nostro
1893 2319 1914 2369 a
1943 2290 2194 2394 Brugensibus

668 2420 819 2498 detento
840 2422 909 2499 sub
925 2447 1064 2500 annum
1082 2424 1196 2520 1486,
1223 2423 1363 2503 fiebant
1386 2424 1510 2504 multae
1527 2425 1832 2528 depopulationes
1856 2434 1974 2496 tuma
1997 2419 2191 2495 Germanis

668 2563 747 2627 tum
779 2550 826 2628 ab
855 2551 951 2647 aliie,
981 2578 1048 2654 per
1080 2579 1188 2649 rura,
1214 2566 1252 2632 et
1280 2555 1416 2657 oppida
1447 2556 1557 2632 etiam
1587 2553 1666 2654 ipso
1697 2550 1868 2643 dimisso,
1898 2546 2190 2638 crebrescerent,

668 2680 828 2781 deniqne
855 2680 965 2756 etiam
996 2682 1034 2756 in
1059 2680 1387 2760 ecclesiasticorum
1408 2683 1507 2760 bona
1536 2695 1575 2758 et
1600 2705 1778 2783 personas
1805 2705 1936 2756 manus
1963 2676 2189 2779 injiciebant,

668 2830 753 2881 nam
778 2829 876 2881 anno
901 2807 1016 2902 1491,
1040 2806 1216 2884 Germani
1239 2831 1363 2886 secum
1387 2809 1551 2910 captivos
1575 2834 1596 2883 e
1618 2809 1850 2885 monasteriis
1876 2808 2049 2909 abreptos
2074 2806 2193 2882 duxe-

667 2943 758 3008 runt
787 2958 916 3010 versus
948 2936 1162 3031 Dammum,
1194 2937 1371 3015 Dominos
1403 2938 1620 3039 praepositos
1649 2939 1811 3015 ecclesian
1845 2937 2119 3014 Eversamensis
2157 2947 2195 3011 et

667 3061 817 3138 Loensis
848 3073 887 3138 et
915 3059 966 3138 ibi
1000 3087 1064 3140 eos
1093 3063 1180 3140 satis
1209 3063 1305 3141 duro
1339 3075 1576 3142 coarctarunt
1604 3091 1774 3157 carcere,
1809 3065 1961 3166 aliisque
1995 3062 2189 3155 molestiis,

667 3187 787 3265 donec
815 3188 966 3266 tandem
1000 3206 1068 3266 in¹²¹
1096 3188 1258 3267 florenos
1288 3193 1552 3293 pependissent
1585 3193 1736 3296 singuli,
1767 3195 1871 3296 cujus
1901 3217 2053 3268 summae
2082 3215 2193 3267 causa

666 3317 901 3419 acquirendae
927 3319 1142 3396 monasterii
1166 3345 1256 3396 arva
1282 3335 1434 3399 onerata
1465 3322 1616 3399 luerunt
1643 3315 1796 3393 circiter
1815 3341 1867 3392 xn
1895 3315 1959 3390 lib.
1989 3313 2189 3410 Flandriae,

666 3470 779 3524 censu
802 3473 941 3525 annuo.

716 3582 825 3659 1492.
851 3584 896 3659 D.
916 3583 1077 3660 Joannes
1096 3586 1265 3678 BavierS,
1284 3583 1482 3661 canonicus
1505 3581 1797 3675 Eversamensis,
1826 3578 2014 3654 residuum
2037 3602 2190 3655 summae

665 3706 866 3807 praedictae,
884 3733 1020 3809 nempe
1037 3735 1058 3786 c
1076 3711 1252 3808 llorenm,
1271 3714 1410 3811 Bruges
1428 3710 1572 3805 detulit,
1598 3710 1646 3785 ln
1662 3706 1823 3809 januarii
1846 3717 1883 3781 et
1904 3705 1956 3779 sic
1979 3705 2046 3780 luit
2068 3715 2193 3780 noster

665 3829 884 3931 praepositus
913 3832 1084 3933 squalore
1115 3834 1268 3912 solutus.
1302 3837 1576 3913 Transmutatio
1612 3837 1779 3938 quaedam
1810 3835 1904 3910 lacta
1935 3845 1990 3910 est
2018 3857 2194 3935 agrorum

665 3962 705 4035 in
734 3961 975 4056 Polinchova,
1007 3989 1044 4037 rx
1069 3963 1171 4063 julii,
1199 3989 1282 4041 cum
1314 3964 1398 4042 liliis
1426 3966 1650 4068 Gryphienis
1675 3964 1868 4066 Bampoels
1897 3989 1944 4041 et
1970 3962 2191 4064 lloogstada,

668 4085 705 4158 in
732 4082 969 4161 Polinchnva.

716 4223 827 4299 1494.
865 4222 1053 4301 Rolandus
1090 4225 1124 4303 le
1162 4225 1307 4304 Febvre
1344 4239 1473 4328 quaest.
1514 4228 1696 4306 Flandriae
1734 4228 1889 4305 tradidit
1921 4227 2070 4305 lendum
2106 4227 2193 4303 Die-

665 4347 788 4450 pezele
811 4348 849 4423 in
873 4373 1004 4426 manus
1029 4351 1174 4429 Colardi
1197 4354 1243 4430 de
1262 4354 1437 4431 Vleterne
1458 4358 1603 4457 nepotis
1628 4357 1744 4434 nostri
1762 4355 1966 4457 praepositi.
1994 4354 2192 4431 114414444-

665 4477 836 4572 liclclrede,
875 4484 935 4579 (ut
968 4481 1107 4560 habent
1142 4483 1291 4583 litterae)
1326 4485 1390 4560 dot
1420 4487 1584 4562 uermoclc
1620 4487 1770 4590 koepke,
1804 4485 1956 4561 middclc
1986 4513 2029 4560 44
2068 4484 2192 4560 nederc

658 4602 804 4700 justicie
828 4613 929 4704 prout
949 4629 970 4681 c
992 4631 1097 4684 xxxn
1121 4609 1302 4709 ptemeten
1324 4611 1439 4688 toret.
1465 4614 1573 4705 Quod
1599 4618 1697 4693 idem
1724 4616 1955 4693 manutenuit
1978 4615 2027 4692 29
2049 4612 2189 4715 aprilis,

666 4730 811 4807 eodem.
847 4732 925 4808 Hoc
960 4746 1083 4810 autem
1114 4738 1263 4814 lendum
1297 4741 1374 4816 sive
1407 4742 1611 4819 dominium
1640 4745 1684 4819 D.
1718 4743 1985 4818 llaximilianus
2019 4741 2193 4841 princeps

664 4865 792 4931 noster
831 4881 915 4933 cum
952 4856 1028 4935 lilio
1065 4859 1234 4966 Philippo
1274 4870 1526 4965 amortisavit,
1569 4884 1606 4948 et
1644 4873 1837 4950 dimidium
1876 4897 2027 4949 summm
2067 4870 2190 4972 petitae

663 4982 784 5060 eidem
810 4985 973 5062 ecclesiae
998 4988 1148 5068 dimisit.
