5132 6412
923 899 1346 977 uvsasuauunsn.
1853 901 1900 978 55

377 1151 507 1230 domos
537 1154 688 1232 ditiores
716 1158 763 1233 ad
788 1156 1052 1259 praedandum,
1087 1154 1188 1256 quod
1218 1157 1392 1236 nimirum
1419 1159 1496 1258 jam
1525 1157 1650 1234 hostes
1676 1159 1903 1234 llosae-Tra·

373 1285 531 1386 jectum,
556 1295 745 1388 totamque
771 1285 934 1363 Gelriam
962 1285 1033 1361 sihi
1059 1281 1317 1384 subjugassent
1343 1286 1382 1362 in
1409 1297 1578 1388 augusto.

428 1410 537 1492 l652.
563 1414 755 1515 Egrotavit
776 1426 903 1492 noster
920 1414 1139 1516 praepositus
1156 1414 1339 1512 Gandavi,
1361 1415 1500 1518 judicio
1526 1414 1763 1518 physicorum
1785 1415 1904 1514 (circa

379 1544 511 1620 festum
542 1543 813 1646 Assumptionis
846 1545 887 1621 B.
916 1543 1098 1646 Virginis)
1131 1565 1249 1643 usque
1283 1541 1331 1616 ad
1363 1551 1538 1615 mortem:
1576 1539 1644 1615 sed
1677 1538 1903 1640 pedetentim

380 1669 577 1749 convaluit.
603 1670 806 1772 Praeposito
828 1680 957 1748 nostro
985 1671 1154 1748 existenti
1177 1670 1403 1771 Antwerpiae
1427 1680 1614 1745 ostensum
1635 1667 1723 1743 novi
1749 1665 1904 1769 praelum

379 1799 662 1878 Pleminianum.

430 1924 583 2000 Eodem.
610 1923 771 2000 Transiit
794 1923 863 2000 bac
887 1927 1013 2027 lpram
1035 1927 1080 2004 ll.
1110 1931 1151 2006 P.
1178 1929 1431 2005 Bernardinus
1456 1928 1504 2003 de
1528 1926 1656 2028 Bergis
1685 1927 1904 2026 capucinus,

383 2054 441 2130 vir
459 2051 642 2154 egregius,
661 2077 705 2129 ac
720 2052 899 2154 sapientia
915 2054 1070 2154 mystica
1087 2053 1222 2150 clarus,
1244 2054 1375 2155 saepius
1392 2053 1617 2154 guardianus
1634 2062 1671 2126 et
1684 2051 1908 2128 novitiorum

384 2183 582 2277 formator,
601 2181 679 2259 ibat
695 2183 897 2261 Lovanium
925 2185 965 2259 in
989 2183 1203 2288 septembri.
1228 2184 1368 2260 Eodem
1390 2183 1450 2258 die
1473 2191 1553 2258 erat
1569 2182 1614 2257 D.
1634 2181 1682 2256 de
1703 2180 1910 2256 Muelevoet

384 2335 467 2387 cum
501 2308 580 2385 aliis
612 2309 722 2404 viris,
755 2313 961 2412 quaestoria
995 2313 1158 2389 occiduae
1191 2309 1392 2404 Flandriae,
1428 2309 1491 2410 qui
1529 2333 1602 2384 una
1640 2330 1769 2383 omnes
1808 2306 1910 2382 ivere

344 2511 346 2516 .
385 2439 509 2540 lpram
535 2436 671 2539 scapha
699 2449 838 2514 nostra.

434 2565 588 2642 Eodem.
607 2567 654 2643 V.
681 2566 724 2641 D.
754 2564 957 2643 Guilelmus
982 2566 1092 2668 Zylol
1112 2563 1392 2642 archidiaconus
1412 2562 1515 2640 venit
1532 2561 1606 2638 huc
1621 2560 1760 2661 Berge,
1785 2560 1911 2659 lpram

387 2693 570 2796 cogitans,
606 2706 644 2771 et
672 2693 733 2772 bic
762 2707 985 2797 pernoctans
1013 2696 1161 2772 missam
1196 2717 1343 2797 semper
1371 2689 1617 2768 conformavit
1646 2713 1749 2765 suam
1782 2699 1911 2763 nostro

387 2823 522 2902 officio:
552 2825 771 2928 dicebatque
798 2852 905 2929 posse
930 2852 1000 2906 nos
1020 2823 1210 2904 celebrare
1232 2820 1350 2898 officia
1374 2820 1582 2923 aliquorum
1609 2818 1673 2893 SS.
1700 2813 1807 2892 nobis
1824 2839 1913 2915 par-

388 2950 608 3028 ticularium.
636 2953 738 3028 Aura
765 2953 872 3030 nobis
899 2953 1200 3045 clementissima,
1229 2949 1422 3028 inundatio
1448 2948 1561 3025 nulla.

438 3078 591 3158 Eodem.
618 3081 731 3158 Venit
759 3081 911 3158 domum
940 3082 986 3158 D.
1017 3077 1236 3182 praepositus
1264 3075 1362 3178 prid.
1395 3076 1434 3150 S.
1461 3071 1618 3150 Gerardi
1645 3067 1794 3171 patroni
1819 3066 1910 3160 mei,

391 3216 429 3282 et
457 3205 610 3284 donavit
638 3206 729 3284 mihi
759 3207 806 3284 de
839 3207 971 3284 eodem
1006 3205 1187 3298 officium,
1223 3205 1301 3282 sive
1336 3203 1543 3304 exemplar,
1577 3198 1643 3276 sed
1673 3196 1762 3273 abiit
1791 3194 1910 3269 brevi.

389 3335 541 3410 interim
560 3335 652 3410 obiit
675 3347 873 3412 matertera
890 3337 969 3437 ejus
995 3335 1043 3410 la
1064 3329 1226 3410 octobris
1243 3331 1353 3405 Anna
1373 3329 1420 3405 de
1443 3325 1588 3416 Mallet,
1616 3347 1686 3424 pro
1713 3345 1786 3422 qua
1809 3319 1914 3396 ordi-

389 3461 535 3537 narium
567 3462 810 3563 persolvimus
836 3461 994 3539 officium
1024 3459 1308 3538 deffunctorum.
1342 3461 1430 3534 Erat
1454 3452 1704 3557 octogenaria.
1733 3448 1914 3527 Dominus

391 3593 577 3694 Augustus
603 3592 724 3693 pridie
748 3593 794 3667 D.
823 3591 974 3669 Thomae
998 3600 1116 3693 apost.
1146 3587 1313 3690 privatus
1338 3583 1406 3660 luit
1430 3578 1593 3657 clavibus
1618 3574 1731 3653 cellar.

439 3718 591 3795 Eodem.
612 3718 776 3794 Tandem
801 3719 903 3794 venit
927 3719 1079 3795 domum
1098 3720 1145 3796 D.
1172 3713 1391 3817 praepositus
1409 3708 1587 3813 postridie
1604 3706 1643 3784 S.
1669 3703 1803 3781 Nicasii
1829 3703 1916 3804 lpra

392 3860 429 3925 et
468 3848 527 3925 hic
560 3850 725 3927 Natalem
759 3849 907 3925 Domini
939 3847 1152 3927 celebravit.
1189 3846 1292 3922 Aura
1324 3840 1423 3917 lavet
1456 3832 1758 3925 elementissime3
1790 3829 1914 3920 nich,

391 3980 553 4081 grando,
589 3980 722 4081 pluviae
756 3980 877 4058 nullae.
906 3979 1039 4056 Adhuc
1068 3977 1106 4051 in
1135 3975 1209 4077 vig.
1242 3972 1326 4047 Nat.
1357 3968 1404 4043 D.
1435 3963 1595 4041 vidimus
1623 3961 1726 4062 pasci
1755 3955 1916 4059 pecudes

272 4205 276 4211 Ι
393 4106 490 4182 ultra
516 4111 653 4184 lsaram
680 4120 717 4184 et
742 4120 954 4210 poteramus
980 4108 1035 4183 ire
1057 4101 1318 4180 Elsendamum
1344 4093 1450 4170 arido
1476 4089 1589 4193 pede,
1619 4111 1688 4188 per
1714 4094 1833 4186 prata.

443 4240 595 4318 Eodem.
632 4238 783 4316 Absolvi
817 4240 896 4316 haec
934 4239 1062 4314 ultimo
1101 4237 1161 4312 die
1196 4234 1303 4326 anni,
1340 4257 1385 4307 eo
1420 4229 1520 4330 quod
1556 4250 1627 4302 ms.
1664 4221 1759 4297 liber
1792 4245 1914 4312 meus,

398 4392 471 4468 quo
499 4367 590 4442 mihi
616 4393 709 4469 opus
735 4379 834 4462 erat,
862 4369 981 4443 luerat
1006 4364 1182 4464 abreptus
1206 4383 1274 4460 per
1297 4367 1375 4430 tres
1405 4373 1536 4427 annos.

445 4505 652 4603 Numquam
691 4527 823 4579 revera
865 4528 989 4579 eoram
1029 4503 1107 4576 Deo
1145 4497 1250 4591 dico,
1294 4518 1371 4570 non
1411 4489 1592 4582 mentior,
1632 4486 1918 4560 Eversumenses

399 4632 515 4734 magis
533 4633 635 4708 luere
658 4633 823 4735 inglorii,
849 4659 959 4736 quam
982 4657 1065 4708 eum
1087 4629 1131 4703 D.
1157 4621 1375 4728 praepositus
1396 4618 1493 4694 lama
1518 4624 1555 4690 et
1576 4611 1695 4689 officio
1717 4605 1916 4710 gloriosus,

401 4780 446 4830 ex
480 4757 646 4857 pecuniis
679 4757 748 4835 sibi
782 4758 978 4862 superfluis
1007 4758 1142 4834 coe'mit
1169 4754 1264 4858 lpris
1294 4751 1423 4827 domos
1453 4746 1545 4822 duas
1575 4767 1659 4819 cum
1693 4737 1811 4814 hortis
1849 4734 1919 4812 sibi

399 4883 598 4986 adjunctis,
630 4890 728 4965 circa
756 4890 906 4967 domum
936 4887 1068 4988 relugii
1098 4884 1235 4978 nostri,
1264 4881 1302 4956 in
1337 4873 1638 4980 quadragesima,
1671 4890 1770 4943 anno
1806 4860 1917 4939 losa.

402 5009 475 5085 Sed
508 5009 662 5113 (cheul)
699 5015 783 5092 laeti
816 5039 942 5093 sumus
974 5014 1218 5115 opprobrium
1251 5007 1382 5086 vicinis
1416 4999 1572 5080 nostris:
1611 4989 1849 5072 subsannatio
1884 4997 1922 5063 et
