5132 6412
661 935 708 1010 66
1268 931 1577 1010 canonican

661 1187 779 1265 illusio
800 1186 857 1263 his
878 1187 942 1290 qui
964 1187 1003 1264 in
1028 1187 1184 1264 circuitu
1210 1197 1339 1265 nostro
1362 1198 1462 1264 sunt.
1487 1185 1547 1262 Ad
1573 1183 1729 1262 nihilum
1756 1187 1900 1289 redegit
1925 1186 2032 1264 valde
2056 1189 2184 1266 lsrael.

710 1322 910 1399 Clementia
939 1321 1081 1425 hyemis
1114 1323 1245 1417 durat,
1276 1319 1443 1423 aliqualis
1472 1319 1633 1415 illuvies,
1665 1320 1732 1397 scd
1763 1321 1809 1398 16
1835 1323 1997 1424 ianuarii
2026 1323 2185 1401 vidimus

659 1452 760 1555 pasci
786 1473 923 1553 pecora
948 1449 1046 1526 ultra
1072 1451 1212 1525 Isaram
1234 1460 1271 1526 et
1292 1448 1408 1527 boare
1431 1473 1562 1525 vaccas
1585 1449 1681 1525 acsi
1706 1449 1755 1524 ad
1779 1450 1945 1527 vernalia
1962 1462 2185 1553 pararentur

660 1579 841 1681 gramina.
874 1576 950 1655 Sub
979 1577 1125 1653 initium
1159 1574 1336 1653 februarii
1373 1574 1434 1652 166
1472 1574 1651 1677 sacrilego
1690 1600 1801 1670 ausu,
1836 1575 1986 1651 abstulit
2024 1576 2185 1678 cyphum

663 1717 882 1807 argenteum
908 1731 930 1781 e
954 1703 1092 1805 templo
1119 1705 1156 1780 S.
1186 1703 1365 1780 Richarii.

711 1835 780 1910 Die
806 1860 832 1910 x
861 1831 1057 1927 lebruarii,
1089 1832 1300 1909 convocatis
1330 1833 1517 1910 canonicis
1546 1842 1683 1908 uostrae
1713 1832 1875 1908 ecclesia
1908 1842 1946 1908 61
1975 1829 2185 1932 pastoribus

662 1964 782 2042 tribus
799 1976 837 2040 et
861 1962 1004 2039 caeteris
1029 1960 1130 2039 domi
1152 1959 1406 2056 existentibus,
1428 1959 1618 2061 proposita
1639 1969 1696 2035 est
1715 1959 1823 2036 nobis
1840 1984 1861 2034 a
1878 1959 2029 2036 domino
2055 1971 2184 2037 666166

662 2095 860 2198 praeposito
876 2091 1042 2170 venditio
1068 2116 1173 2169 xxvu
1202 2101 1399 2182 metarum,
1424 2114 1468 2164 66
1494 2085 1705 2162 conditione
1729 2097 1772 2163 ut
1796 2087 1963 2189 pecuniis
1980 2088 2182 2163 earundem

662 2247 709 2299 ex
738 2221 952 2299 venditione
980 2218 1128 2314 habitis,
1155 2217 1279 2294 statim
1303 2241 1372 2318 per
1396 2225 1716 2293 auctoramentum
1742 2239 1872 2292 eorum
1897 2239 2057 2318 quorum
2086 2215 2183 2292 inter

661 2360 718 2426 est
746 2348 854 2448 (alias
882 2345 1047 2424 venditio
1077 2345 1177 2422 nulla
1210 2344 1323 2444 loret)
1352 2352 1568 2422 emerentur
1596 2351 1708 2417 terrae
1737 2340 1925 2418 meliores:
1963 2366 2181 2419 consensum

662 2500 684 2549 6
710 2469 943 2575 presentibus
969 2479 1006 2545 61
1031 2467 1256 2546 absentibus:
1282 2479 1394 2546 terrae
1419 2481 1543 2547 autem
1561 2469 1715 2546 istarum
1736 2479 1919 2546 metarum
1940 2471 2066 2571 jacent
2088 2473 2186 2548 circa

662 2601 802 2704 sylvam
829 2610 1008 2676 nostram.
1036 2595 1191 2673 Emebat
1215 2597 1294 2672 lac.
1321 2597 1369 2674 de
1394 2596 1508 2674 1Ἀ166
1536 2598 1687 2674 nomine
1711 2597 1908 2676 Christiani
1935 2601 1982 2676 de
2008 2599 2182 2679 Backere.

713 2736 824 2829 1657,
838 2734 883 2811 16
897 2734 1036 2834 aprilis,
1051 2733 1176 2808 Leodii
1193 2757 1216 2809 a
1232 2732 1378 2809 lurentc
1391 2731 1528 2834 populo
1541 2744 1732 2810 truncatus
1744 2731 1932 2810 branchiis
1950 2745 1987 2810 61
2001 2733 2180 2829 virilibus,

660 2863 757 2966 pede
775 2889 850 2940 uno
867 2886 1066 2963 suspensus
1091 2871 1147 2938 est
1162 2863 1326 2938 Renatus
1351 2860 1398 2937 de
1418 2863 1601 2955 Renesse,
1626 2883 1749 2937 comes
1775 2859 1822 2936 de
1839 2859 2054 2956 Wariusee,
2073 2874 2180 2964 caput

659 2995 722 3089 (ut
749 2989 902 3084 vocant)
931 2983 1195 3078 linanciarum3
1227 2983 1320 3061 clam
1351 2987 1546 3089 palamque
1574 2987 1737 3063 Geuseos
1766 3012 1926 3088 persona
1951 3013 2035 3084 sua,
2066 3015 2184 3068 nervo

663 3114 812 3211 bellico,
841 3125 878 3191 61
907 3113 1059 3191 66661116
1085 3113 1182 3215 juvit
1213 3113 1307 3191 adeo
1335 3129 1378 3194 61
1402 3116 1603 3220 provinciae
1632 3115 1786 3217 Belgicae
1815 3117 1984 3194 nocuerit
2017 3117 2185 3195 ineffabi-

662 3248 763 3344 liter,
787 3245 886 3323 lurto
912 3269 979 3322 suo
1001 3243 1243 3346 pecuniarum
1270 3254 1386 3319 totam
1413 3242 2002 3344 66661161666666663611666666
2028 3269 2185 3324 massam

659 3375 807 3478 clepsit,
838 3385 992 3477 propter
1017 3373 1118 3475 quod
1143 3373 1182 3447 in
1211 3369 1286 3447 fine
1312 3371 1463 3448 alterius
1491 3371 1580 3448 anni
1612 3381 1649 3448 61
1679 3370 1783 3448 161116
1810 3371 1918 3472 hujus
1947 3373 2184 3478 166661666-

660 3505 817 3606 scriptus
850 3529 935 3580 cum
968 3500 1228 3578 confiscatione
1266 3499 1452 3577 bonorum
1490 3521 1661 3574 suorum:
1699 3523 1722 3574 6
1761 3497 1945 3601 perfidum
1984 3507 2111 3602 caput!
2151 3505 2183 3582 0

658 3629 778 3708 furem
804 3656 993 3733 magnum.

709 3756 818 3833 1655.
836 3758 891 3831 Ex
912 3754 1126 3857 quotidiana
1142 3754 1258 3829 lerme
1276 3751 1399 3853 pluvia
1415 3775 1485 3852 per
1506 3763 1582 3830 tres
1604 3757 1846 3856 septimanas,
1870 3783 1891 3832 a
1915 3758 2036 3834 medio
2058 3761 2184 3861 aprilis

657 3909 773 3987 usque
796 3887 820 3960 5
846 3884 945 3974 maii,
976 3885 1069 3960 lacta
1092 3897 1147 3961 est
1172 3883 1286 3959 multo
1312 3881 1430 3980 major
1454 3878 1590 3958 alluvio
1617 3906 1797 3982 aquarum
1828 3909 1939 3986 66666
1965 3884 2004 3960 16
2029 3885 2181 3988 hyeme,

591 4031 595 4038 ·
657 4014 724 4088 sed
744 4013 811 4088 Dei
833 4012 952 4114 gratia
973 4011 1150 4112 deinceps
1176 4035 1244 4112 per
1266 4009 1465 4084 siccitatem
1486 4008 1583 4086 aeris
1609 4006 1768 4105 ellluxit,
1792 4037 1874 4112 quae
1896 4010 2045 4092 duravit
2066 4040 2182 4118 usquc

660 4139 805 4216 initium
825 4138 934 4241 junii.

706 4265 858 4373 Eodem.
887 4263 971 4338 Fuit
994 4261 1054 4338 hic
1075 4262 1411 4342 venerabilissimus
1432 4267 1478 4343 D.
1503 4267 1784 4346 archidiaconus
1807 4271 1969 4371 iprensis
1992 4272 2056 4373 qui
2077 4272 2183 4350 valde

661 4395 822 4498 benigne
851 4395 981 4472 allatus
1011 4407 1067 4474 661
1095 4395 1292 4500 plerosque
1320 4403 1490 4475 nostram
1526 4418 1595 4496 per
1629 4393 1760 4469 horam
1794 4403 1833 4469 61
1865 4393 2020 4496 amplius
2053 4397 2185 4472 stando

660 4522 719 4597 vel
737 4522 961 4598 ambulando
980 4523 1018 4597 in
1035 4522 1144 4599 horto
1162 4538 1290 4602 666166
1307 4528 1367 4604 vel
1384 4526 1486 4621 alibi,
1507 4523 1673 4626 singulos
1692 4548 1822 4600 eorum
1840 4525 1984 4601 ratione
2001 4528 2186 4627 pacando,

660 4647 719 4724 vel
737 4647 908 4724 amicitia.
937 4651 972 4726 Is
990 4661 1046 4726 est
1072 4651 1175 4752 cujus
1197 4680 1309 4732 manu
1330 4669 1367 4733 61
1384 4655 1565 4758 sapientia
1583 4667 1659 4732 1616
1676 4655 1843 4732 dioecesis
1860 4655 2017 4757 regitur,
2035 4655 2187 4735 absente

662 4773 740 4874 jam
764 4773 900 4851 multos
925 4801 1071 4853 menses
1095 4780 1182 4858 Bm.

713 4899 868 4976 Eodem.
896 4902 939 4975 16
961 4903 1062 4978 16666
1083 4903 1196 4983 lluvio
1223 4920 1350 5009 captus
1371 4921 1428 4986 661
1450 4911 1564 4989 salmo
1589 4913 1686 4990 ultra
1709 4924 1860 5013 pontem
1887 4911 2145 4991 Elsendamum
2169 4940 2190 4990 a

661 5029 801 5106 nostris
827 5031 851 5106 5
872 5030 988 5132 junii,
1008 5033 1067 5109 vel
1090 5034 1211 5135 potius
1233 5036 1345 5128 calm,
1370 5063 1447 5114 non
1472 5039 1624 5115 nimium
1648 5051 1730 5116 crat
1754 5064 1922 5140 magnus.
1943 5040 2002 5115 Ab
2019 5039 2090 5117 alio
2108 5041 2189 5118 viro
