5132 6412
945 843 1373 922 EVERSHAMENSE.
1870 855 1917 934 56

402 1103 559 1176 lo'e'nses
591 1098 758 1200 {religiosi
792 1099 840 1175 ad
873 1099 1064 1202 exequias,
1100 1101 1147 1178 15
1180 1102 1316 1178 martii.
1355 1103 1514 1196 Quidam
1544 1107 1755 1188 turbatores
1788 1123 1925 1190 nostrae

400 1229 566 1330 piscariae
591 1226 767 1305 mulctati.

451 1355 560 1432 1566.
594 1355 652 1431 Lis
683 1354 850 1457 quaedam
877 1355 1000 1433 decisa
1024 1357 1159 1435 Furnis
1188 1385 1211 1435 a
1239 1375 1389 1462 senatu,
1421 1364 1460 1441 in
1498 1368 1732 1445 commodum
1763 1369 1924 1448 ecelesiae

400 1494 536 1561 nostrae
553 1484 601 1560 de
617 1509 642 1559 v
660 1482 725 1559 lin.
754 1496 954 1561 terrarum.
973 1486 1131 1581 Eodem,
1159 1498 1243 1564 orta
1259 1499 1316 1563 est
1339 1487 1589 1566 denominatio
1606 1491 1798 1570 hominum
1823 1494 1924 1572 Geu-

398 1639 544 1691 seorum
572 1612 766 1708 Bruxellis,
798 1613 860 1715 qui
891 1625 975 1716 post
1002 1614 1072 1691 hnc
1097 1615 1308 1693 miseranda
1333 1618 1438 1694 clade
1467 1618 1632 1720 Belgium
1661 1621 1920 1718 devastarunt,

398 1768 506 1844 quam
534 1755 704 1820 nostrum
730 1743 995 1820 monasterium
1021 1768 1105 1821 cum
1128 1742 1281 1846 reliquis
1304 1742 1493 1818 sustinuit:
1520 1767 1606 1818 nam
1629 1743 1654 1818 ii
1680 1745 1749 1846 ipsi
1778 1770 1921 1822 summo

396 1871 543 1972 fragore
571 1881 647 1946 tam
672 1895 754 1970 quae
780 1870 818 1947 in
845 1871 984 1973 templo
1009 1880 1138 1949 nostro
1165 1895 1276 1973 quam
1305 1869 1411 1964 alibi,
1439 1869 1564 1946 omnia
1588 1869 1848 1968 devastarunt,
1880 1884 1923 1950 ut

396 1997 614 2098 praepositus
652 2021 735 2073 cnm
775 2021 888 2100 grege
927 2023 994 2076 suo
1028 1999 1076 2074 ad
1109 2009 1256 2100 tempus
1293 1994 1420 2073 sedem
1452 2004 1598 2070 mutare
1632 2007 1846 2097 cogeretur,
1882 1998 1921 2072 in

398 2134 571 2224 angusto,
607 2147 683 2199 non
718 2123 889 2201 obstante
921 2125 1149 2228 mitigatione
1183 2125 1308 2203 habita
1336 2122 1522 2219 Gandavi,
1554 2149 1579 2200 x
1608 2125 1713 2221 maii,
1749 2125 1814 2202 ubi
1843 2137 1922 2202 tum

394 2262 522 2327 noster
547 2251 766 2354 praepositus
791 2278 875 2329 cum
900 2252 1210 2332 reverendissimo
1237 2260 1365 2328 nostro
1391 2249 1471 2326 fuit.

442 2376 593 2452 Eodem.
614 2376 741 2452 Mense
758 2377 979 2479 septembris
1002 2379 1105 2459 dedit
1130 2393 1256 2460 noster
1273 2381 1492 2484 praepositus
1511 2382 1751 2482 Egrnondano
1777 2384 1917 2484 petenti

394 2529 477 2581 cum
503 2505 687 2607 deputatis
709 2507 937 2609 iprensibus,
962 2526 1046 2587 νιιιο
1068 2510 1174 2590 llorr.
1202 2513 1250 2590 ad
1275 2510 1428 2589 tutelam
1450 2509 1641 2610 (scilieetz)
1668 2511 1779 2589 totius
1805 2511 1912 2606 cleri,

393 2659 463 2736 pro
488 2633 679 2711 militibus.

443 2763 551 2841 1667.
579 2764 791 2841 Conventus
817 2790 900 2840 eum
926 2766 1145 2868 praeposito,
1171 2763 1245 2842 lata
1270 2789 1294 2840 a
1317 2761 1628 2839 reverendissimo
1656 2761 1800 2862 iprensi
1829 2787 1917 2839 sen·

392 2891 524 2987 tentia,
548 2889 708 2990 adjicere
732 2889 862 2968 debuit
884 2891 1082 2992 proventui
1106 2894 1247 2971 domini
1271 2893 1430 2995 pastoris
1452 2893 1501 2969 de
1524 2891 1748 2968 Polinehova
1771 2892 1915 2968 ratione

391 3019 630 3128 decimarum,
657 3044 728 3120 pro
753 3044 817 3096 sua
844 3031 974 3122 quota,
1001 3047 1026 3099 v
1053 3019 1117 3103 lib.
1144 3048 1281 3099 annue.
1312 3025 1496 3098 Recenter
1521 3023 1624 3122 jussa
1654 3020 1798 3097 emetiri
1823 3045 1914 3098 arva

394 3147 604 3250 capellaniae
632 3151 908 3228 Eversamensis
935 3152 973 3226 in
998 3149 1204 3228 Merkhem.
1634 3159 1644 3166 “

437 3279 567 3355 Decisa
600 3278 643 3355 lis
671 3279 710 3354 in
740 3279 975 3356 commodum
1009 3289 1146 3356 nostrae
1180 3277 1361 3371 ecclesiae,
1397 3275 1445 3351 de
1474 3274 1628 3352 decimis
1661 3300 1843 3378 agnorum
1878 3289 1916 3353 et
1955 3325 1959 3337 ,

389 3433 588 3508 porcorum
617 3420 747 3486 contra
774 3408 1136 3504 Polinehovinenses,
1166 3408 1276 3486 1668.
1304 3404 1524 3484 Verosimile
1549 3417 1605 3482 est
1631 3404 1823 3508 religiosos
1850 3432 1913 3483 re·

389 3536 497 3614 diisse
524 3537 572 3612 ad
602 3536 790 3615 elostrum.
823 3537 1041 3640 Impetravit
1068 3549 1196 3614 noster
1225 3535 1444 3639 praepositus
1473 3534 1712 3636 sousqordom
1738 3534 1862 3612 elostri
1893 3563 1914 3611 a

387 3665 481 3740 duce
506 3663 668 3760 Albano,
693 3675 730 3740 et
754 3664 888 3742 milites
911 3665 1067 3767 aliquot,
1100 3668 1212 3745 armis
1235 3672 1340 3770 (quae
1365 3664 1486 3743 adhuc
1513 3689 1582 3741 nos
1604 3665 1781 3762 vidimus,
1813 3691 1912 3744 anno

389 3794 505 3892 tora)
531 3794 619 3870 illud
646 3795 846 3873 servabant
871 3794 931 3872 hie
956 3797 996 3875 in
1023 3799 1195 3901 praesidio
1224 3799 1481 3876 consistentes:
1511 3796 1657 3874 eodem.

435 3931 548 4006 Curat
572 3954 657 4005 suos
683 3929 841 4007 novitios
866 3930 962 4007 mitti
988 3941 1026 4007 et
1051 3931 1192 4010 inst-itui
1219 3933 1256 4008 in
1284 3929 1523 4008 seminarium
1550 3954 1681 4007 recens
1706 3929 1912 4006 institutum

388 4059 495 4160 lpris,
509 4061 654 4135 eodem.
670 4059 776 4137 Cirea
792 4060 892 4137 hune
907 4085 1046 4137 annum
1065 4060 1225 4162 suscepit
1241 4060 1391 4136 decreta
1407 4057 1552 4134 concilii
1566 4057 1775 4134 Tridentini
1791 4057 1913 4133 simul-

385 4209 456 4287 que
478 4184 584 4262 novis
607 4187 651 4261 R.
677 4187 719 4264 Ε.
745 4184 940 4263 breviariis
961 4209 1000 4264 se
1021 4187 1265 4265 conformavit
1286 4187 1331 4261 D.
1357 4184 1576 4287 praepositus
1598 4209 1682 4260 eum
1702 4193 1906 4260 conventu:

323 4319 327 4328 ’
385 4311 495 4388 1669.
524 4313 662 4389 Taxata
685 4314 810 4391 omnia
833 4326 961 4392 nostra
983 4339 1074 4392 arva
1103 4342 1125 4391 a
1147 4316 1332 4417 deputatis
1355 4315 1459 4392 Aulae
1485 4316 1534 4392 ad
1558 4325 1697 4391 centes.
1721 4339 1785 4408 xx,
1812 4339 1911 4414 xque

385 4461 577 4514 nummum
602 4438 642 4514 in
667 4439 818 4540 quibus,
848 4441 916 4517 sub
947 4440 1110 4542 Stavela,
1138 4455 1367 4522 memoratur
1393 4445 1463 4521 den
1487 4453 1650 4547 qrooten,
1675 4443 1744 4519 den
1763 4441 1913 4545 leleynen

385 4564 476 4641 bern:
487 4565 588 4642 unde
602 4566 760 4645 diximus
774 4569 978 4647 derivatam
988 4572 1305 4651 nomenclaturam
1315 4575 1433 4653 nostri
1447 4573 1661 4652 monasterii
1671 4573 1909 4651 Eversahem.

385 4697 727 4777 Reverendissimus
747 4702 793 4776 D.
813 4701 1008 4803 proposuit
1027 4700 1201 4779 articulos
1217 4702 1490 4780 reformationis
1507 4698 1795 4779 Eversamiensis
1818 4723 1911 4800 qnos

385 4837 421 4901 et
438 4827 563 4904 stricte
589 4825 779 4906 observari
796 4828 1013 4926 mandabat,
1032 4829 1099 4907 sed
1115 4831 1294 4908 nonnulla
1319 4843 1400 4910 erat
1415 4830 1594 4910 dissensio
1618 4830 1658 4905 in
1680 4853 1766 4905 nov.
1797 4825 1906 4902 1669.

432 4963 505 5040 Sed
522 4965 655 5046 iterum
673 4966 803 5045 moniti
820 4964 1024 5046 acrioribus
1038 4965 1168 5046 litteris
1185 4964 1233 5044 ab
1247 4961 1379 5042 eodem
1392 4960 1703 5044 reverendissimo
1718 4967 1907 5067 praecunte
