5132 6412
925 892 1345 971 EVERSHAMENSE.
1852 896 1898 972 15

369 1149 542 1226 sacerdos
571 1147 772 1252 eligeretur
801 1175 822 1226 e
851 1146 1020 1250 capitulis
1057 1148 1315 1224 Eversamensi
1354 1147 1416 1250 qni
1455 1147 1506 1224 ibi
1540 1146 1668 1224 divine
1708 1157 1901 1224 teneretur

368 1277 559 1356 celebrare
587 1303 658 1381 pro
684 1278 876 1356 animabus
906 1278 1026 1372 Petri,
1058 1277 1210 1378 ejusque
1240 1275 1305 1353 filii
1335 1278 1485 1379 Rogerii
1517 1290 1587 1354 etc.
1615 1279 1726 1354 Anno
1751 1273 1900 1354 Domini

370 1432 409 1480 n.
443 1431 478 1482 c.
511 1431 650 1482 nxxxrx
679 1405 793 1483 habet
825 1405 876 1482 ibi
909 1415 1058 1481 curatus
1094 1430 1162 1506 per
1194 1416 1311 1483 totam
1339 1407 1463 1487 villam
1493 1411 1585 1509 (par
1615 1416 1707 1482 toute
1736 1407 1773 1482 lo
1801 1405 1901 1502 oolla)

370 1533 490 1634 ampla
532 1533 725 1638 privilegia
773 1535 1027 1630 decimarum,
1067 1533 1239 1636 frugum,
1283 1561 1410 1612 rerum
1449 1537 1633 1613 venalium
1676 1545 1746 1611 etc.
1795 1534 1898 1634 quasi

370 1659 519 1761 quidam
545 1659 733 1737 dominus:
763 1673 818 1737 est
844 1660 894 1735 ibi
922 1662 1168 1740 diversorium
1194 1665 1253 1742 oui
1280 1666 1423 1768 insigne
1449 1678 1524 1758 est,
1552 1667 1741 1740 Eversum.

418 1797 523 1864 Anno
540 1787 688 1864 Domini
715 1788 830 1883 1191,
858 1789 1048 1891 Philippus
1065 1791 1223 1869 Alsatius
1247 1817 1370 1869 comes
1395 1789 1632 1867 Flandrensis
1654 1787 1837 1889 (sepultus
1859 1787 1897 1861 in

369 1913 604 2014 Accharone)
630 1916 706 1993 vita
736 1915 840 1993 obiit.
871 1918 1115 2015 1111101195,
1147 1918 1336 2019 Philippus
1366 1917 1552 2019 Augustus
1579 1939 1646 1988 rex
1669 1913 1898 1986 Francorum

368 2041 604 2120 donationem
634 2046 805 2147 superius
834 2046 967 2122 factam
998 2047 1045 2122 de
1072 2044 1219 2121 teloneo
1247 2045 1285 2118 in
1311 2046 1455 2118 Perona
1485 2051 1604 2116 ratam
1629 2035 1759 2113 habuit
1787 2036 1898 2111 Com-

369 2173 516 2273 pendii,
548 2201 647 2252 anno
678 2177 855 2279 praedicto
885 2177 990 2278 regni
1020 2177 1095 2270 sui,
1127 2199 1226 2251 anno
1260 2198 1337 2248 xrv.
1369 2168 1508 2244 Eodem
1542 2189 1641 2242 anno
1670 2172 1898 2240 memoratur

368 2300 518 2375 Petrum
547 2301 593 2377 dc
618 2302 749 2379 Mesnil
774 2328 857 2380 cum
883 2303 962 2380 aliis
986 2304 1203 2381 subnotasse
1230 2301 1376 2377 Furnis.

417 2573 526 2648 lnitio
545 2599 617 2651 sec.
637 2576 745 2672 1100,
766 2578 803 2653 S.
821 2578 1038 2653 Franciscus
1051 2600 1072 2650 a
1085 2573 1208 2649 seculo
1227 2572 1273 2647 ad
1291 2571 1476 2647 Christum
1491 2591 1705 2660 conversus,
1725 2565 1759 2642 ei
1776 2565 1896 2640 visce-

368 2699 495 2776 raliter
519 2715 555 2777 et
580 2704 793 2782 modullitus
818 2706 856 2782 in
888 2706 1051 2783 novitate
1079 2725 1207 2778 sensus
1232 2699 1296 2776 sui·
1315 2697 1538 2774 reformatur
1565 2703 1602 2770 et
1627 2692 1892 2768 conformatur.

415 2826 526 2903 Anno
551 2828 699 2904 Domini
725 2832 834 2926 1111,
861 2831 978 2907 Ticini
996 2831 1072 2909 sive
1099 2830 1221 2931 Papiae
1246 2831 1287 2906 P.
1308 2824 1492 2903 Honorius
1517 2822 1649 2899 tertius
1666 2846 1734 2922 per
1758 2819 1896 2896 bullam

367 2952 534 3031 demissis
563 2958 772 3054 monachis,
801 2958 991 3037 ecclesiam
1017 2971 1055 3036 et
1079 2959 1343 3036 monasterium
1374 2961 1412 3034 S.
1445 2955 1544 3032 Petri
1575 2966 1612 3030 et
1638 2954 1675 3029 S.
1698 2951 1893 3054 Augustini

366 3075 505 3152 dictum
535 3077 671 3157 Caelum
701 3109 874 3172 aureum.
906 3089 1092 3166 canonicis
1121 3102 1157 3166 et
1189 3090 1421 3192 regularibus
1449 3085 1610 3163 ecclesiae
1641 3081 1894 3159 ltlortariensis

365 3207 479 3281 tradit
493 3208 738 3288 incolendum
765 3226 802 3289 et
829 3215 1109 3316 possidendum,
1138 3217 1201 3294 ubi
1232 3229 1318 3292 sunt
1344 3215 1450 3316 reliq.
1484 3216 1522 3289 S.
1548 3215 1589 3288 P.
1613 3213 1658 3288 N.
1679 3210 1775 3310 Aug.
1795 3207 1892 3287 Vide

366 3343 508 3430 penott.
538 3332 562 3408 l.
593 3335 632 3430 1,
660 3364 697 3439 g.
727 3337 788 3416 61,

415 3457 452 3534 S.
479 3456 663 3536 Christina
688 3463 786 3541 dictu
812 3467 1008 3561 mirabilis,
1041 3471 1078 3546 in
1105 3472 1331 3548 monasterio
1358 3473 1396 3548 S.
1423 3468 1631 3546 Catharinae
1661 3476 1767 3542 extra
1794 3466 1892 3541 Tru-

365 3580 598 3683 donopolim,
617 3588 774 3666 moritur
797 3593 820 3666 5
845 3592 947 3689 vice,
966 3620 1052 3672 nam
1069 3597 1126 3674 bis
1144 3601 1358 3678 resuscitata
1375 3598 1486 3692 vixit,
1505 3595 1652 3671 circiter
1669 3618 1758 3670 ann.
1780 3591 1888 3669 1111.

364 3708 458 3784 Vide
483 3711 596 3789 vitam
623 3715 701 3793 eius
727 3718 931 3797 mirabilem
958 3727 1057 3826 apud
1084 3727 1169 3802 Sur.
1200 3727 1238 3802 in
1265 3728 1348 3828 jun.
1380 3736 1465 3802 ante
1495 3723 1628 3798 testum
1657 3721 1694 3797 S.
1719 3717 1893 3795 loannis·

363 3838 549 3939 Baptistae.

410 3970 448 4047 S.
470 3972 687 4052 Franciscus
714 3979 883 4080 stigmata
905 3984 1052 4060 Domini
1081 3986 1163 4063 lesu
1190 3983 1294 4085 quasi
1317 3981 1403 4059 viva
1432 4003 1613 4081 cereoque
1643 3975 1721 4052 eius
1750 3975 1889 4075 imago,

361 4097 501 4198 accepit
540 4099 578 4174 in
617 4116 743 4181 monte
784 4106 917 4184 Alven.
959 4123 997 4186 ct
1040 4139 1140 4192 anno
1186 4111 1283 4187 1116
1325 4107 1497 4184 moritur.
1540 4102 1747 4180 tudovieus
1783 4101 1888 4194 Vlll,

362 4222 591 4301 Francorum
613 4255 700 4324 rex.
729 4233 838 4327 obiit,
867 4235 963 4312 1117
988 4240 1152 4316 succedit
1177 4239 1291 4336 filius,
1317 4243 1355 4317 S.
1376 4237 1582 4315 Ludovicus
1599 4236 1665 4329 lX,
1692 4240 1890 4308 coronatus

360 4353 511 4432 Rhemis
536 4357 732 4436 duodecim
757 4388 875 4440 annos
902 4377 1027 4462 nutus,
1056 4393 1154 4444 anno
1183 4369 1280 4446 1151
1304 4368 1405 4444 ducit
1429 4390 1598 4442 uxorem.

407 4485 588 4562 Dominus
609 4489 771 4566 loannes
788 4491 835 4567 ab
853 4495 1029 4571 Eversum
1047 4497 1268 4599 praepositus
1291 4507 1516 4572 memoratur
1534 4488 1744 4601 interfuisse
1764 4498 1890 4562 trans·

362 4611 488 4690 lationi
516 4619 685 4720 corporis
716 4621 753 4698 S.
789 4623 950 4701 Oswaldi
979 4625 1098 4726 regis,
1130 4623 1258 4724 Bergis
1293 4623 1331 4696 in
1365 4616 1591 4696 monasterio
1624 4616 1664 4690 S.
1692 4611 1887 4705 winnoci,

357 4763 426 4838 per
459 4765 591 4820 manus
623 4745 713 4822 Adae
748 4751 979 4827 Morinorum
1015 4739 1200 4855 episcopi,
1236 4771 1334 4824 anno
1370 4746 1517 4822 Domini
1555 4742 1666 4821 1111.
1700 4739 1891 4840 Philippus

358 4885 425 4936 rex
455 4863 574 4942 dictus
603 4869 789 4972 Augustus
818 4899 908 4950 avus
938 4875 1113 4955 Ludovici
1143 4876 1235 4955 obiit
1264 4877 1374 4954 1115.
1407 4875 1510 4951 Idem
1534 4871 1730 4974 episcopus
1759 4870 1890 4945 eodem

357 5011 456 5067 anno
479 4998 693 5092 procuravit
714 4999 821 5077 nobis
845 5001 977 5080 donari
1002 5004 1041 5082 in
1064 5004 1350 5110 eleemosynam,
1378 5006 1504 5083 aviro
1531 5001 1645 5078 nobili
1668 5002 1713 5076 D.
1730 4997 1890 5077 Walone
