5132 6412
967 833 1387 912 EVDRSHAMENSE.
1901 845 1950 920 55

466 1096 577 1173 Venit
611 1100 657 1174 Ι).
689 1094 908 1198 praepositus
937 1094 1089 1171 domam
1117 1092 1185 1170 sub
1210 1114 1315 1194 vesp.
1347 1091 1417 1169 fer.
1447 1119 1472 1170 v
1503 1093 1541 1168 in
1568 1093 1677 1169 Caena
1706 1096 1873 1191 Domini,
1907 1107 1944 1172 et

415 1219 454 1294 in
480 1218 712 1322 paschalibus
735 1219 837 1296 festis
859 1218 1016 1295 decessit
1041 1217 1149 1295 valde
1175 1244 1298 1295 mane.

467 1347 576 1425 1651.
606 1347 827 1424 Hierotheca
849 1358 977 1425 nostra
999 1345 1107 1424 allata
1123 1347 1198 1424 260
1213 1348 1331 1426 unciis
1356 1352 1497 1454 gravis,
1526 1355 1705 1430 aestimata
1730 1355 1827 1431 1600
1854 1356 1940 1432 flor.

416 1479 562 1556 Batavis
592 1480 713 1581 primo
738 1479 854 1581 junii,
882 1479 1043 1580 Brugam
1068 1474 1241 1553 obsidere
1270 1480 1493 1578 volentibus,
1518 1484 1694 1560 nonnulla
1721 1485 1941 1584 pretiosiora

414 1610 536 1708 lpram
576 1609 849 1686 transveximus
889 1609 955 1686 sed
993 1607 1116 1710 paullo
1160 1618 1244 1708 post
1281 1606 1510 1683 reduximus.
1549 1607 1771 1708 Praepositus
1812 1620 1941 1686 noster

415 1731 551 1810 ibidem
576 1745 658 1812 erat
681 1759 766 1812 cum
790 1734 933 1811 caetmb
958 1733 1151 1812 membris:
1182 1735 1249 1813 sed
1273 1739 1299 1813 d
1322 1735 1382 1813 vel
1407 1737 1431 1811 5
1451 1735 1548 1838 junii
1572 1746 1819 1812 recesserunt.

461 1862 613 1940 Eodem.
650 1865 696 1940 R.
727 1864 769 1941 P.
797 1864 953 1966 August.
989 1864 1157 1966 Dionysii
1191 1859 1345 1942 eremita
1378 1860 1416 1936 S.
1446 1857 1658 1961 Augustini,
1697 1858 1938 1936 concionator

412 1988 567 2068 celebris
600 2002 638 2067 et
670 1991 867 2088 facundus,
903 1991 1007 2094 prior
1043 1993 1226 2093 iprensis,
1265 1991 1327 2067 bic
1359 1991 1596 2067 concionatus
1629 1991 1669 2067 in
1702 1990 1936 2068 dedicatione

415 2129 562 2212 nostra3
590 2118 747 2197 obiitin
772 2118 986 2223 septembri.

458 2249 613 2327 Eodem.
640 2249 726 2327 Fuit
749 2250 808 2327 hie
834 2252 879 2330 D.
911 2251 1071 2328 decanus
1101 2245 1264 2324 ecclesiae
1293 2247 1514 2324 cathedralis
1539 2249 1584 2324 D.
1613 2249 1831 2326 Franciscus
1856 2275 1929 2327 van

410 2378 479 2454 der
502 2375 648 2479 Eyken,
678 2403 762 2455 cum
787 2378 946 2456 Domino
973 2375 1117 2455 officiali
1142 2374 1252 2450 Dion.
1281 2371 1485 2450 Blommart
1509 2385 1580 2450 etc.

457 2503 551 2577 Item
568 2502 636 2578 fuit
660 2501 721 2578 bic
745 2504 793 2581 R.
820 2513 927 2605 pater
953 2501 1162 2605 Reynerius
1185 2499 1389 2596 Jacobsen,
1416 2499 1512 2578 filius
1534 2501 1644 2579 Mieh.
1672 2501 1931 2580 viee-amiralii

407 2629 635 2728 Dunlrerkae,
659 2633 765 2734 prior
785 2657 882 2736 saepe
903 2634 1232 2711 Dominicanorum
1251 2632 1510 2733 Bergensium,
1534 2631 1581 2708 de
1602 2656 1676 2734 qno
1698 2641 1780 2707 erat
1799 2656 1930 2710 rumor

408 2768 447 2833 et
467 2782 589 2836 sermo
611 2785 696 2837 cum
717 2759 880 2838 futurum
899 2760 1113 2862 episcopum
1130 2759 1458 2862 Audomaropolis‚
1484 2760 1550 2837 sed
1574 2759 1667 2838 alius
1682 2759 1932 2862 apprehendit

407 2888 591 2969 bravium.

455 3018 607 3094 Eodem.
636 3020 871 3123 Magistratus
899 3020 1181 3123 Poperinganus
1207 3017 1426 3095 constitutus
1457 3015 1578 3091 estin
1610 3015 1842 3115 possessione
1873 3017 1927 3093 rei

404 3143 571 3248 litigiosae
592 3157 723 3222 eontra
751 3171 838 3241 nos,
869 3171 1005 3250 nempe
1029 3127 1115 3222 faeni
1140 3140 1337 3244 colligendi
1366 3136 1468 3239 quod
1495 3135 1627 3212 erescit
1651 3135 1752 3212 intra
1777 3135 1924 3213 alveum

404 3271 485 3348 vari
510 3272 759 3374 Poperingani
784 3272 833 3348 ad
857 3284 1004 3349 nostras
1027 3273 1194 3375 paludes.
1266 3339 1268 3346 .

450 3402 603 3478 Eodem.
635 3404 679 3477 ln
705 3413 860 3503 augusto
885 3403 954 3479 tuit
982 3427 1028 3480 ex
1055 3400 1230 3480 continua
1252 3392 1378 3498 pluvia
1398 3413 1490 3468 aura
1511 3383 1695 3462 subtristis
1725 3395 1763 3461 et
1788 3386 1919 3463 nociva

402 3531 571 3636 frugibus
594 3545 725 3627 terrae,
753 3544 791 3608 et
814 3531 1002 3610 nonnullae
1027 3533 1180 3635 paludes
1205 3525 1449 3604 inundabant.

448 3662 494 3737 D.
515 3661 733 3763 prepositus
754 3660 962 3739 laetantibus
982 3661 1104 3756 nobis,
1127 3659 1279 3736 domum
1296 3653 1417 3745 venit3
1436 3650 1504 3726 iuit
1524 3647 1584 3725 bic
1605 3645 1717 3724 etiam
1737 3647 1782 3722 D.
1802 3643 1918 3722 abbas

400 3787 446 3863 de
471 3786 676 3864 Eekboutte
699 3787 870 3866 Nicotaus
894 3812 968 3864 van
993 3780 1333 3886 Troostenbergbe‚
1360 3779 1385 3857 2
1410 3773 1643 3880 septembris.

446 3919 599 3998 Eodem.
627 3919 856 4020 Abrogatum
880 3919 1013 3996 festum
1038 3917 1279 4018 reliquiarum
1304 3919 1440 3986 nostrae
1463 3903 1639 3982 eeclesiae.

446 4051 599 4128 Eodem.
627 4053 672 4128 D.
709 4051 995 4156 burgimagister
1024 4054 1071 4132 de
1100 4053 1235 4131 Furnis
1268 4045 1493 4127 Lamorallus
1526 4041 1574 4118 de
1607 4041 1751 4116 Hornes
1785 4039 1829 4113 D.
1868 4039 1916 4113 de

398 4177 564 4276 Staveln,
584 4205 661 4281 prae
678 4181 821 4256 caeteris
838 4183 1053 4283 aggravavit
1073 4195 1220 4262 nostros
1246 4175 1456 4258 censuarios
1476 4168 1664 4273 Hispanis,
1689 4167 1752 4270 qui
1776 4179 1854 4243 tum
1877 4168 1916 4243 in

395 4302 466 4380 hoc
494 4313 614 4380 tractu
642 4303 881 4406 hyemabunt:
917 4309 984 4383 sed
1012 4322 1140 4411 postea
1173 4306 1407 4410 temperavit.
1438 4302 1614 4402 Idemque
1644 4307 1771 4400 postea
1805 4298 1915 4374 etiam

396 4430 475 4507 aliis
505 4430 671 4532 impostis
701 4431 878 4527 nummis,
911 4436 1055 4512 curavit
1082 4437 1234 4514 divendi
1264 4460 1342 4513 non
1370 4429 1592 4511 solventium
1620 4427 1736 4523 bona,
1767 4439 1909 4524 vestes,

396 4557 578 4659 aliamque
603 4555 866 4659 supeltectilem
891 4558 960 4636 sub
986 4559 1103 4640 basta.

442 4683 594 4761 Eodem.
623 4684 735 4760 Venit
758 4685 910 4762 domum
935 4689 981 4766 D.
1010 4689 1228 4791 praepositus
1254 4686 1374 4789 pridie
1399 4683 1536 4762 Natalis
1560 4681 1722 4761 Domini.

443 4823 553 4901 1651.
575 4823 737 4903 Monitus
760 4835 798 4902 et
822 4837 974 4904 vocatus
999 4835 1128 4904 noster
1153 4821 1372 4926 praepositus
1394 4821 1439 4898 ad
1467 4830 1694 4897 conventum
1720 4814 1909 4893 membro-

390 4975 473 5030 rum
499 4951 682 5042 Fiandriae
710 4977 787 5034 non
813 4952 898 5051 ivit,
924 4953 991 5032 sed
1015 4951 1191 5060 permisit.
1207 4951 1263 5029 irc
1285 4952 1333 5027 D.
1355 4948 1579 5027 Guilelmam
1598 4973 1670 5028 van
1692 4946 1759 5026 der
1781 4944 1907 5019 Sterre
