5088 6418
664 911 713 997 28
1281 909 1586 994 onnonlcort

717 1170 825 1249 1511.
853 1173 913 1249 Lis
941 1171 1064 1250 decisa
1090 1180 1148 1250 est
1169 1171 1209 1247 10
1237 1167 1473 1248 commodum
1502 1179 1671 1248 nostrum
1696 1178 1827 1246 eontra
1851 1170 1898 1248 D.
1926 1168 2100 1274 d’Oignes
2129 1169 2192 1274 qui

666 1297 922 1400 praetendebat
943 1300 1005 1401 jus
1030 1298 1070 1376 in
1096 1307 1261 1378 0001100]
1287 1295 1485 1378 Piscariam
1511 1293 1559 1371 de
1585 1289 1906 1370 Oost-Vleternes.

713 1423 942 1500 Memoratur
970 1424 1016 1499 D.
1049 1423 1212 1500 loannes
1239 1423 1415 1526 Basnpoel
1444 1433 1482 1500 et
1510 1423 1673 1501 decanus
1702 1420 1742 1497 10
1775 1446 1909 1524 aquag.
1947 1422 2057 1500 1515.
2094 1424 2192 1502 Sub·

664 1551 823 1653 signavit
850 1552 896 1627 D.
929 1548 1132 1628 Guilelmus
1165 1548 1213 1628 de
1241 1552 1377 1647 Pours,
1413 1559 1455 1628 ut
1490 1547 1672 1645 cellarius,
1708 1550 1813 1652 quasi
1841 1548 1993 1630 domum
2022 1553 2190 1655 regebat.

663 1677 858 1756 Invenitur
893 1688 937 1756 ut
969 1679 1132 1757 (1000000
1161 1679 1394 1782 subsignasse
1426 1675 1592 1780 aquagiis
1625 1677 1676 1750 D.
1707 1674 1885 1754 Colardus
1916 1675 1965 1754 de
1994 1679 2188 1774 Maestere,

662 1807 795 1884 eodem
814 1832 927 1886 anno.
956 1809 1024 1886 llic
1046 1808 1202 1886 fortasse
1225 1833 1272 1886 ex
1298 1803 1485 1901 affinibus,
1512 1813 1551 1882 et
1573 1803 1855 1905 consanguineis
1880 1805 1989 1901 01010,
2020 1807 2191 1887 111001οι0

661 1957 822 2036 namque
848 1933 1052 2012 vocabatur
1078 1946 1185 2038 pater
1212 1956 1333 2027 meus,
1358 1955 1443 2008 cum
1470 1931 1602 2008 eodem
1629 1932 1849 2034 cognomine
1878 1935 2073 2013 Meestere.

710 2059 863 2142 Carolus
903 2061 1077 2164 princeps
1118 2071 1246 2138 noster
1286 2060 1553 2163 supplicatione
1594 2072 1810 2144 nostrorum
1852 2075 1963 2166 atque
2005 2063 2186 2145 solutione

661 2186 810 2264 indictae
830 2187 993 2283 mulcta,
1019 2186 1250 2266 amortisavit
1266 2191 1326 2287 (ut
1350 2184 1572 2288 loquuntur)
1593 2199 1722 2270 nostra
1745 2186 1858 2266 bona.
1882 2234 1932 2248 —
1954 2189 2070 2288 1517,
2093 2192 2189 2295 stylo

662 2335 775 2389 novo.

708 2448 757 2524 D.
788 2471 831 2524 ac
859 2447 1035 2550 magister
1064 2445 1229 2560 Hellinus
1251 2450 1448 2530 Bommare
1473 2451 1637 2532 decanus
1659 2465 1806 2551 noster,
1833 2456 1924 2534 obiit
1947 2482 2046 2536 anno
2072 2459 2187 2554 1517,

661 2574 793 2654 eodem
817 2572 928 2675 stylo:
965 2575 1062 2654 lacte
1090 2583 1147 2654 est
1175 2583 1374 2676 tempestas
1407 2578 1621 2678 fulminum,
1652 2593 1870 2680 ventorum,
1902 2585 2189 2689 nimborumque

661 2713 699 2780 et
727 2701 877 2792 ¹illuvies
910 2727 1092 2805 aquarum
1129 2727 1214 2780 cum
1253 2705 1363 2784 ruina
1395 2709 1572 2788 domuum
1605 2734 1648 2785 ac
1681 2709 1841 2790 turrium
1878 2722 1948 2789 etc.
1983 2711 2063 2815 ipso
2096 2713 2189 2791 testo

661 2834 699 2911 S.
725 2833 921 2936 Stephani,
949 2835 1082 2912 eodem
1109 2835 1217 2938 stylo.

709 2960 979 3040 Maximilianus
1008 2962 1108 3064 piiss.
1144 2962 1283 3060 Caesar,
1315 2963 1407 3040 obiit
1434 2961 1549 3060 1519,
1585 2961 1758 3064 princeps
1789 2962 1978 3064 quondam
2007 2963 2189 3064 gloriosus

660 3085 872 3191 Belgarum.

709 3215 757 3291 D.
783 3214 946 3291 loannes
971 3215 1169 3316 Bampoelc
1189 3216 1351 3295 decanus
1375 3227 1503 3294 noster
1528 3216 1676 3293 videtur
1694 3217 1828 3295 obiisse
1846 3243 1944 3295 anno
1963 3219 2077 3316 1520,
2097 3246 2189 3323 pro·

659 3340 775 3418 fessus
811 3365 911 3418 anno
946 3341 1056 3420 1502.
1092 3343 1277 3421 Hactenus
1310 3347 1470 3450 religiosi
1509 3345 1570 3422 bic
1604 3345 1698 3424 hora
1733 3348 1779 3424 12
1814 3347 1950 3444 noctis,
1991 3350 2189 3427 matutinas

661 3468 970 3567 decantaverant,
1006 3472 1073 3549 sed
1102 3473 1214 3550 modo
1247 3488 1419 3578 porrecta
1447 3475 1715 3578 supplicatione
1749 3477 1922 3580 episcopo
1957 3477 2188 3581 suffraganeo

660 3602 862 3679 Morinensi
890 3613 933 3678 ut
962 3602 1138 3704 deinceps
1163 3602 1257 3680 hora
1285 3629 1325 3680 ιν
1352 3604 1615 3701 decantarent,
1646 3604 1879 3699 conceditur,
1910 3605 2056 3708 Bergis,
2088 3631 2187 3684 anno

661 3739 740 3804 vet.
768 3728 864 3832 stylo
891 3729 1007 3828 1521,
1034 3731 1073 3807 10
1098 3731 1299 3809 februario.

711 3865 821 3944 1522.
840 3865 999 3943 Videtur
1015 3869 1234 3945 constitutus
1255 3867 1416 3944 decanus
1433 3868 1479 3943 D.
1500 3868 1677 3950 Colardus
1693 3869 1789 3965 sive,
1809 3869 1978 3946 Nicolaus
1999 3868 2046 3946 de
2069 3869 2189 3946 Meas·

660 4006 741 4072 tere
774 3995 875 4097 quod
908 3995 1092 4100 colligitur
1125 4022 1172 4074 en
1205 3996 1476 4100 subscriptione
1509 3997 1549 4073 in
1583 3998 1762 4101 aquagiis.
1798 4001 1932 4077 Noster
1968 4000 2188 4102 praepositus

660 4125 828 4210 interluit
847 4152 946 4206 anno
970 4129 1079 4208 1525.
1106 4129 1166 4206 Lis
1191 4128 1291 4205 inter
1312 4150 1380 4203 nos
1406 4135 1444 4201 et
1468 4122 1559 4202 alios
1583 4137 1684 4202 mota
1715 4125 1762 4202 de
1787 4126 1952 4204 dominio
1972 4126 2187 4229 Diepezelc,

660 4254 782 4340 decisa
808 4265 866 4334 est
889 4254 938 4332 ab
967 4255 1136 4353 arbitris,
1167 4268 1210 4334 ut
1235 4254 1412 4333 nimirum
1438 4251 1656 4353 prepositus
1683 4263 1810 4330 noster
1840 4251 1953 4328 semel
1979 4253 2189 4355 iterumque

659 4390 831 4456 numeret
855 4378 1064 4459 haeredibus
1089 4381 1186 4460 Vict.
1216 4380 1263 4458 ab
1289 4381 1412 4461 Isenb.
1440 4382 1508 4482 (ad
1534 4408 1645 4484 quem
1670 4383 1774 4484 prius
1800 4384 2051 4484 pertinuerat)
2076 4407 2098 4458 c
2121 4380 2185 4459 lib.

659 4508 857 4592 Flandriae.
877 4512 922 4585 Et
946 4510 1033 4588 lecit
1057 4523 1184 4591 noster
1202 4514 1422 4615 praepositus
1439 4511 1547 4588 dictis
1573 4510 1796 4588 haeredibus.
1819 4512 1874 4585 Ex
1894 4510 2040 4613 scriptis
2065 4520 2188 4589 00100]

659 4635 834 4714 codicillis
872 4638 1054 4742 colligitur
1087 4643 1393 4720 Euersamensem
1427 4639 1666 4748 praepositum
1699 4638 1811 4716 luisse
1843 4664 1919 4715 una
1947 4637 2188 4746 praepositum

660 4761 698 4836 S.
730 4762 880 4839 Martini
908 4765 1017 4866 lpris,
1051 4765 1160 4844 1525.
1193 4767 1352 4846 Videtur
1381 4767 1500 4845 dictus
1529 4768 1749 4870 praepositus
1779 4766 1914 4844 obiisse
1941 4791 2040 4844 anno
2071 4765 2186 4858 1525,

659 4909 745 4966 nam
775 4885 964 4962 invenitur
992 4887 1200 4966 interfuisse
1225 4895 1390 4994 aquagiis
1418 4898 1465 4975 D.
1493 4896 1695 4974 Guilelmus
1724 4896 1772 4972 de
1801 4898 1919 4973 Pours
1944 4920 2044 4973 anno
2071 4893 2187 4989 1526,

659 5037 744 5098 cum
777 5012 946 5108 nomine,
982 5015 1171 5124 signatura
1206 5029 1243 5097 et
1277 5019 1400 5101 titulo:
1440 5021 1500 5106 hic
1534 5025 1684 5110 videtur
1717 5025 1828 5109 luisse
1862 5049 2009 5132 semper
2042 5021 2186 5112 veletu-
