5088 6418
947 891 1288 970 EVERSHAMEN
1295 893 1368 971 SE.
1872 903 1921 979 15

443 1150 553 1228 1615.
582 1150 660 1252 Ego
686 1148 959 1252 professioneM
986 1150 1049 1252 egl
1075 1147 1259 1225 scCUuDa
1284 1148 1479 1247 iehrUarl,
1506 1152 1615 1253 lpris.

440 1281 593 1360 Eodem.
613 1278 959 1358 Reverendissimus
976 1279 1022 1356 D.
1042 1278 1204 1355 loannes
1221 1277 1415 1382 episcopus
1428 1279 1592 1382 iprensis
1608 1306 1631 1359 e
1647 1283 1723 1362 vita
1738 1283 1919 1388 lethargia

391 1408 568 1514 abreptus
584 1417 653 1506 est,
673 1408 733 1487 616
756 1408 898 1486 zelosus
924 1408 973 1485 ad
994 1406 1203 1486 animarum
1219 1407 1374 1486 salutem
1391 1409 1631 1512 praedicando
1656 1413 1815 1492 verbum
1832 1415 1914 1492 Dei.

439 1540 593 1617 Eodem.
613 1533 855 1616 Reverendus
871 1562 1020 1642 quoque
1038 1549 1166 1615 noster
1182 1537 1403 1640 prepositus
1420 1537 1581 1618 lacobus
1597 1539 1712 1619 evita
1728 1541 1915 1646 migravit,

391 1669 415 1745 9
432 1667 653 1761 decembris,
673 1667 837 1770 sepultus
854 1667 967 1744 estin
990 1668 1029 1749 S.
1049 1666 1187 1744 Nicolai
1203 1666 1319 1769 lpris,
1338 1667 1560 1771 podagricus
1577 1680 1616 1747 et
1638 1673 1912 1775 octogenarius.

441 1798 551 1876 1615.
587 1798 672 1875 Fuit
705 1797 765 1876 vir
797 1795 859 1874 ille
891 1795 1019 1874 domui
1052 1794 1160 1874 valde
1192 1795 1394 1900 proficuus.
1431 1798 1588 1876 Consum
1630 1802 1764 1879 domus
1796 1804 1915 1882 nostri

390 1925 522 2030 refugii
553 1925 733 2008 solvendo
767 1937 887 2004 totum
918 1922 1089 2005 redemit.
1127 1927 1257 2030 Sylvas
1290 1928 1402 2006 etiam
1431 1939 1578 2007 nostras
1606 1931 1726 2027 auxit,
1763 1931 1913 2010 calicem

390 2056 551 2151 curavit,
582 2057 745 2161 itemque
769 2055 915 2135 tabulas
940 2056 1110 2158 depingi,
1133 2055 1277 2159 aliaque
1302 2071 1522 2136 ornamenta
1546 2071 1627 2138 tum
1656 2061 1805 2158 altaris,
1833 2073 1914 2140 tum

388 2184 646 2262 ministrorum
666 2185 851 2280 eiusdem,
869 2183 970 2288 pacis
992 2195 1073 2262 erat
1096 2194 1258 2279 amator,
1280 2209 1358 2262 non
1378 2187 1502 2266 miuus
1522 2189 1606 2291 pius
1628 2215 1740 2292 quam
1763 2191 1913 2286 doetus,

388 2313 538 2416 reliquit
566 2314 756 2416 aliquota
787 2335 827 2390 se
861 2311 1088 2414 conscriptas
1117 2314 1315 2392 conciones
1343 2317 1556 2396 vernacule.
1593 2320 1762 2422 Denique
1795 2322 1914 2401 fertur

386 2443 435 2520 de
465 2443 527 2521 illo
557 2442 658 2546 quod
684 2465 771 2521 suos
798 2441 1093 2545 consanguineos
1119 2443 1363 2545 pauperculos
1390 2447 1620 2548 permiserit,
1658 2449 1733 2526 imo
1759 2450 1913 2551 jusserit

386 2571 517 2650 venire
537 2571 585 2650 ad
605 2573 756 2674 januam
774 2595 850 2650 suae
873 2570 1006 2649 domus
1027 2581 1069 2648 ut
1090 2595 1175 2648 cum
1196 2571 1277 2652 aliis
1302 2572 1574 2680 eleemosynam
1598 2576 1827 2678 acciperent,
1856 2579 1909 2655 uti

389 2701 525 2780 iactum
552 2699 632 2780 fuit.

797 2855 895 2902 retro
920 2832 1067 2905 Vltroni
1091 2834 1211 2904 DoCrr
1237 2831 1368 2904 Vltron
1392 2836 1498 2906 666111.

389 3114 624 3218 Epitaphium
649 3116 855 3217 composuit
880 3116 925 3193 G.
954 3116 1070 3193 Joets.
1126 3069 1131 3080 ¹

436 3244 546 3320 1611.
570 3245 753 3322 Successit
776 3245 811 3321 61
836 3247 883 3324 D.
905 3245 1067 3321 loannes
1086 3267 1160 3321 van
1177 3241 1372 3322 Welsenes
1393 3253 1530 3321 nostroe
1552 3243 1714 3320 ecclesiae
1731 3244 1906 3344 decanus,

387 3374 512 3452 divina
534 3373 656 3475 potius
679 3373 971 3478 dispensatione,
1000 3398 1111 3476 quam
1136 3371 1299 3450 humano
1324 3372 1470 3469 favore,
1494 3397 1581 3449 nam
1606 3383 1706 3451 totus
1735 3375 1906 3452 consilia-

386 3502 529 3579 riorum
559 3513 707 3580 senatus
737 3503 843 3581 alteri
878 3503 1043 3583 invehat:
1077 3501 1250 3605 suffragia
1279 3500 1537 3603 religiosorum
1567 3526 1685 3604 pauca
1713 3501 1906 3598 volebant;

384 3643 534 3734 rogatus
558 3635 621 3733 (ut
641 3630 796 3731 fertur),
823 3631 987 3710 existens
1013 3630 1193 3728 decanus,
1221 3656 1243 3708 6
1268 3629 1421 3709 domino
1445 3629 1635 3708 Anthonio
1660 3631 1708 3708 de
1734 3633 1902 3727 Hennin,

385 3774 533 3863 pastore
556 3775 636 3840 tum
661 3763 699 3839 S.
725 3763 881 3840 Nicolai:
909 3762 1025 3858 hene,
1053 3760 1293 3864 quandonam
1314 3759 1389 3838 eris
1406 3761 1580 3865 praelatus
1608 3759 1907 3841 Euersamensisi

384 3915 470 3966 mox
498 3891 630 3967 eodem
656 3890 783 3992 lepore
811 3887 1023 3993 respondit,
1060 3889 1209 3992 quando
1243 3886 1387 3968 tueris
1420 3891 1616 3994 episcopus
1650 3891 1827 3994 Iprensis
1860 3893 1905 3968 Et

384 4044 517 4099 666666
536 4020 596 4096 hie
616 4022 764 4099 octiduo
787 4031 871 4124 post
892 4016 1209 4100 consecrationem
1230 4043 1335 4096 suam
1357 4017 1552 4123 episcopus
1572 4021 1781 4122 iprensium
1804 4022 1908 4098 venit

384 4149 485 4228 illum
511 4174 731 4228 consecrare
757 4149 952 4253 praelatum
976 4148 1321 4226 Evershamensem.

431 4280 583 4357 Eodem.
604 4283 731 4383 Itaque
748 4280 942 4382 episcopus
959 4278 1080 4382 pridie
1097 4277 1250 4356 veniens
1266 4278 1522 4355 Euersamium
1545 4302 1632 4355 cum
1648 4278 1903 4380 processione,

362 4407 610 4518 amplexum,
640 4420 684 4486 ut
716 4408 830 4485 moris
862 4419 936 4503 est,
971 4432 1014 4485 ac
1047 4405 1187 4511 hymno
1217 4433 1262 4485 66
1292 4431 1392 4484 osum
1428 4431 1642 4500 unuouuus,
1674 4431 1696 4482 a
1729 4404 1838 4483 nobis
1867 4409 1905 4483 in

383 4537 556 4616 sacellum
593 4538 826 4616 introductus
862 4548 931 4616 est.
968 4537 1015 4614 Et
1047 4547 1197 4638 postera
1230 4537 1292 4615 die
1326 4534 1374 4613 ab
1410 4534 1543 4614 eodem
1578 4546 1817 4615 consecratus
1850 4549 1907 4616 est

379 4667 485 4770 juxta
511 4665 582 4744 hoc
608 4667 740 4746 chron.
770 4668 931 4748 duorum
957 4665 1171 4746 Loensium:

703 4922 741 4969 66
764 4898 872 4970 ulVro
895 4899 1003 4968 Maiis
1025 4918 1135 4966 russo
1159 4917 1332 4968 rsrsraurr
1358 4899 1554 4983 ernDrs,

750 5021 886 5096 6666616
911 5040 1063 5098 misrior
1085 5039 1209 5092 norom
1233 5021 1376 5098 rnnaUL
1398 5022 1484 5098 suls.
