5132 6412
962 866 1306 946 EVERSHAMEN
1313 869 1387 947 SE.
1883 875 1931 952 65

403 1125 577 1192 mactant.
604 1117 755 1196 lndictis
780 1120 953 1221 precibus
978 1147 1047 1224 per
1071 1123 1166 1200 diec.
1194 1125 1244 1202 50
1268 1127 1372 1220 maii,
1400 1129 1670 1230 pervicacium
1697 1131 1929 1232 episcopatus

404 1251 548 1318 nostras
586 1268 670 1320 cum
707 1247 899 1324 sororibus
935 1249 982 1326 de
1020 1251 1291 1348 Steenvoorda,
1331 1253 1424 1330 feria
1462 1255 1487 1332 2
1521 1269 1606 1358 post
1638 1257 1869 1335 Dominicam
1903 1260 1929 1334 1

404 1368 552 1444 Penteo.
582 1370 641 1447 die
667 1371 715 1448 23
737 1373 851 1474 junii,
878 1375 978 1452 vices
1003 1378 1160 1478 egimus.

451 1495 561 1574 1656.
588 1500 740 1577 Eodem.
771 1502 950 1580 Casletani
976 1517 1014 1581 et
1039 1505 1091 1582 eis
1117 1506 1228 1582 vicini
1251 1505 1418 1582 nonnulli
1445 1505 1650 1584 timidiores
1675 1507 1866 1609 fugiebant
1888 1509 1927 1584 in

396 1622 502 1722 junio
532 1650 661 1705 versus
691 1632 815 1731 lpram
844 1632 1006 1734 alioque,
1037 1633 1325 1736 dicebamurque
1351 1660 1419 1712 nos
1449 1635 1660 1738 auffugisse.
1693 1637 1767 1714 Sed
1798 1637 1926 1739 positis

400 1750 533 1852 vigiliis
558 1755 621 1854 qui
645 1759 915 1859 grassatoribus
940 1759 1076 1837 francis
1101 1761 1274 1838 resistant
1299 1764 1478 1864 plaerique
1504 1763 1677 1840 redeunt.

449 1880 601 1960 Eodem.
639 1888 682 1961 ln
708 1886 926 1966 effodiendis
956 1890 1203 1968 fundamentis
1232 1889 1374 1967 inventi
1407 1888 1548 1964 nummi
1580 1887 1729 1964 circiter
1762 1887 1813 1964 16
1842 1911 1927 1964 eum

399 2004 522 2084 littera
555 2013 593 2088 S.
629 2013 835 2092 Ludovicus
867 2028 905 2093 et
932 2018 957 2112 †
984 2017 1032 2094 ab
1061 2017 1124 2096 alt.
1157 2029 1261 2120 parte
1292 2017 1405 2120 [anno
1441 2015 1552 2119 tuso]
1586 2027 1624 2092 et
1660 2041 1734 2093 uno
1772 2040 1924 2092 nummo

400 2131 559 2238 Philippi
584 2139 697 2242 Burg.
726 2141 833 2236 duc,
860 2143 1022 2247 itemque
1048 2171 1140 2222 crux
1167 2171 1301 2247 magna
1326 2171 1372 2221 ex
1397 2169 1485 2220 aere.

446 2263 599 2342 Eodem.
631 2267 781 2344 Missum
811 2269 859 2346 ad
890 2272 936 2350 D.
968 2273 1208 2374 prepositum
1237 2284 1406 2349 nostrum
1439 2271 1676 2347 Octavarium
1705 2294 1922 2364 romanum,

400 2417 498 2470 anno
530 2394 626 2472 1663
648 2397 894 2498 approbatum
925 2413 962 2476 et
984 2401 1033 2479 28
1063 2403 1297 2502 impressum.
1324 2393 1425 2473 Prid.
1452 2393 1490 2468 S.
1519 2391 1712 2494 Augustini
1740 2391 1814 2467 duo
1841 2417 1927 2468 ear·

400 2521 534 2600 melitae
573 2549 593 2598 e
633 2525 857 2602 monasterio
890 2526 1067 2606 Thinensi
1106 2557 1227 2634 nuper
1261 2536 1410 2618 exusto,
1450 2523 1550 2600 clero
1586 2522 1797 2624 populoque
1840 2548 1925 2601 eum

400 2651 525 2751 pueris
564 2663 601 2728 et
634 2653 788 2731 laeminis
826 2668 1044 2759 perempto,
1088 2661 1160 2738 huc
1200 2661 1357 2751 vendre,
1400 2654 1558 2755 dumque
1596 2654 1648 2728 eia
1688 2652 1923 2732 eleemosina.

400 2779 587 2857 lneffabile
616 2782 745 2859 dicunt
773 2784 873 2885 quod
902 2786 953 2862 ihi
979 2787 1027 2863 ab
1058 2790 1223 2866 hostibus
1254 2783 1422 2886 contigit.
1453 2783 1498 2858 D.
1532 2793 1659 2884 pastor
1688 2783 1729 2860 S.
1760 2780 1923 2858 Richarii

398 2910 529 2984 Petrus
566 2909 724 3005 Quioke,
760 2937 781 2988 a
819 2913 943 2990 multis
978 2927 1015 2990 et
1046 2918 1179 3018 saepius
1212 2915 1251 2990 in
1288 2913 1444 2992 diversis
1482 2910 1571 2989 locis
1609 2913 1839 2988 exorcizatus
1874 2909 1923 2984 ad

400 3038 514 3116 multe
547 3039 627 3115 loca
661 3042 739 3117 sive
772 3039 901 3118 altaria
934 3044 999 3119 8¹¹¹·
1019 3045 1184 3147 Virginis
1213 3041 1463 3142 Graveliugae,
1504 3040 1615 3118 Hallae
1648 3051 1719 3116 etc.
1757 3037 1923 3114 sanitatis

400 3191 509 3242 causa
551 3192 573 3242 a
616 3165 815 3262 maleficio,
854 3172 1130 3272 peregrinatuS,
1182 3173 1332 3247 tandem
1374 3169 1548 3246 instinctu
1587 3167 1728 3245 domini
1773 3167 1921 3243 Henrici

401 3296 591 3372 Woulters
618 3297 820 3373 sacerdotis
845 3322 866 3372 e
889 3298 1017 3398 Bergis
1041 3301 1079 3380 S.
1103 3300 1298 3393 winnoci,
1326 3298 1373 3374 ad
1396 3298 1442 3373 R.
1466 3299 1508 3371 P.
1534 3295 1660 3372 recoll.
1686 3294 1920 3371 leonardum

399 3423 598 3500 Jonkbloet
623 3423 801 3524 Neoporti
826 3424 1143 3524 concionatorem,
1174 3426 1238 3528 qui
1264 3426 1422 3527 predicti
1452 3426 1600 3502 llenrici
1627 3449 1795 3502 sororem
1822 3424 1920 3500 Gra-

399 3552 553 3654 velingae
582 3562 793 3628 manentem
824 3564 861 3629 et
893 3551 1146 3631 maleficiatam
1177 3555 1245 3631 Dei
1274 3555 1392 3658 gratia
1425 3563 1463 3630 et
1495 3553 1728 3650 exorcismis,
1756 3553 1917 3656 jejunio,

399 3693 435 3758 et
465 3681 631 3758 oratione
661 3681 879 3759 mirabiliter
908 3696 1121 3780 curaverat,
1153 3685 1356 3762 destinatus
1385 3695 1459 3778 est,
1492 3683 1614 3785 paullo
1648 3695 1732 3784 post
1761 3682 1801 3759 in
1826 3682 1919 3785 julio

400 3811 513 3888 rediit
539 3813 743 3915 mansitqus
769 3826 917 3892 sanatus
940 3816 1004 3916 qui
1031 3815 1176 3917 pridem
1202 3839 1224 3891 a
1245 3838 1303 3910 se,
1330 3813 1483 3914 aliisque
1510 3825 1591 3890 erat
1614 3823 1656 3889 ut
1672 3812 1785 3889 morti
1809 3823 1921 3888 certae

401 3941 521 4019 datus.
550 3925 770 4020 Benedictus
795 3945 906 4021 Deus.

448 4073 600 4151 Eodem.
643 4075 711 4150 Die
752 4074 777 4150 6
818 4087 913 4178 sept.
950 4100 972 4151 e
1011 4073 1255 4151 caementariis
1293 4095 1406 4165 unus,
1454 4066 1550 4145 filius
1588 4067 1742 4142 loannis
1778 4065 1918 4159 Viane,

399 4201 530 4278 cecidit
562 4228 583 4277 e
616 4203 799 4304 superiori
833 4203 914 4279 loco
950 4203 1047 4278 muri
1080 4201 1208 4303 templi
1242 4198 1376 4275 sedin
1412 4197 1526 4299 pedes
1556 4196 1677 4296 prius,
1710 4194 1846 4272 deindo
1881 4195 1919 4268 in

398 4328 541 4426 clunes,
569 4330 668 4406 unde
692 4329 814 4408 adhuc
841 4331 972 4407 ductus
999 4329 1094 4426 ibat,
1123 4329 1260 4406 vellere
1288 4327 1439 4402 insuito.

446 4459 513 4534 Die
540 4483 654 4558 porro
677 4457 889 4534 adolescens
914 4469 1063 4560 postera
1089 4457 1291 4552 convaluit,
1319 4456 1384 4532 sed
1411 4454 1471 4531 die
1501 4453 1525 4529 8
1554 4463 1648 4553 sept.
1680 4450 1728 4526 ad
1752 4449 1921 4527 ludentes

398 4590 560 4691 integer,
591 4600 628 4664 et
652 4587 790 4664 doloris
811 4589 931 4664 omnis
957 4613 1090 4689 expers
1114 4587 1229 4664 venit.
1262 4584 1461 4661 Benedicta
1487 4581 1605 4685 gloria
1631 4580 1805 4658 bonitatis
1831 4580 1917 4674 Dei,

397 4719 483 4818 quia
498 4718 658 4795 vidimus
675 4728 712 4794 et
728 4717 935 4795 audivimus
952 4716 1134 4793 mirabilia
1154 4715 1278 4792 hodie.
1306 4717 1341 4791 ls
1363 4713 1461 4789 enim
1483 4713 1573 4790 dum
1594 4712 1761 4808 caderet,
1781 4710 1918 4788 nostris

395 4849 562 4926 narravit
586 4873 756 4945 maguam
785 4847 884 4952 apud
912 4872 952 4924 se
978 4846 1088 4924 luisse
1122 4845 1340 4923 claritatem:
1369 4843 1529 4944 denique
1553 4841 1702 4942 quidam
1726 4839 1918 4941 religiosus
1999 4917 2000 4920 ,

392 4973 552 5053 advertit
585 5001 669 5054 eum
703 4979 835 5081 saepius
871 4979 910 5055 in
945 4975 1118 5054 sacellum
1151 4987 1320 5053 nostrum
1354 4973 1517 5067 venisse,
1554 4982 1591 5046 et
1624 4979 1710 5046 ante
1743 4994 1846 5044 aram
1881 4979 1920 5043 et
