5132 6412
649 822 697 897 dl
790 855 792 862 >
1260 821 1564 899 CHRONICON

648 1077 1011 1183 archipresbyterum
1042 1105 1109 1158 suo
1130 1079 1230 1174 loco,
1259 1077 1395 1154 mansit
1416 1102 1577 1179 namque
1603 1077 1651 1154 ob
1677 1077 1837 1180 aliquam
1861 1078 1959 1154 inter
1982 1077 2172 1178 religiosos

650 1206 900 1284 difficultatem
928 1207 988 1286 bic
1015 1206 1256 1284 reticendam.
1291 1207 1335 1280 ln
1363 1202 1523 1306 capitulo
1550 1206 1659 1306 jussit
1684 1231 1706 1280 a
1733 1203 1841 1282 nobis
1871 1203 1953 1284 fieri
1979 1216 2017 1280 et
2044 1204 2168 1280 afferri

651 1347 786 1415 statum
810 1339 968 1416 vestium
995 1349 1209 1417 nostrarum
1234 1345 1304 1412 etc.
1333 1344 1372 1411 et
1396 1333 1645 1434 praestitimus.

698 1465 793 1566 lpris
822 1465 993 1542 domiuus
1026 1465 1246 1568 prepositus
1273 1462 1396 1562 aliqua
1428 1461 1477 1538 de
1509 1487 1619 1542 causa
1652 1464 1830 1559 existens,
1866 1463 1916 1540 ad
1946 1473 2171 1540 conventum

650 1590 903 1667 membrorum
932 1590 997 1668 ubi
1023 1601 1276 1671 convenerant
1303 1601 1456 1668 vocatus
1487 1592 1621 1690 edbrit,
1652 1605 1690 1671 et
1718 1595 1894 1696 deinceps
1924 1617 2071 1694 semper
2100 1616 2169 1693 pro

651 1745 756 1796 more
782 1721 1023 1822 aliquamdiu.

703 1850 812 1928 lost.
837 1852 941 1928 Viuit
970 1851 1043 1929 huc
1068 1853 1147 1954 ipsa
1172 1851 1211 1926 S.
1243 1851 1392 1926 Pentcc.
1424 1845 1566 1947 vigilia,
1598 1847 1644 1924 D.
1677 1845 1895 1948 praepositus
1928 1869 2012 1922 cum
2041 1841 2174 1920 abbate

530 2037 533 2044 ,
651 1979 698 2054 dc
729 1979 862 2075 Dunis,
891 1983 936 2056 D.
962 1980 1154 2056 Bernardo
1184 1980 1405 2079 Cempmans
1434 1985 1471 2052 et
1493 1977 1538 2051 D.
1566 1976 1749 2053 Guilelmo
1775 1976 1823 2053 de
1847 1975 2013 2070 Dissere,
2042 1974 2173 2076 primi-

651 2109 751 2185 cerio
775 2109 1010 2187 (landavensi
1033 2109 1202 2200 scabino,
1230 2105 1320 2185 viris
1346 2102 1551 2205 insignibus
1577 2117 1615 2181 et
1639 2106 1816 2184 membris
1841 2103 2038 2183 Flandriac.

700 2237 853 2314 Eodem.
889 2238 1002 2316 Venit
1040 2239 1151 2315 etiam
1193 2239 1239 2314 Ι).
1285 2232 1400 2313 abbas
1444 2233 1492 2310 de
1530 2228 1770 2333 Albeuburg,
1816 2232 1862 2305 D.
1907 2227 2175 2306 Maximiliauus

653 2363 861 2465 Dengbien.

701 2492 853 2569 Eodem.
878 2497 966 2571 Post
991 2495 1215 2597 aliquantam
1241 2495 1452 2571 ariditatem
1476 2493 1563 2568 data
1579 2491 1626 2567 dc
1652 2488 1741 2565 coelo
1764 2488 1906 2590 pluvia,
1925 2487 2062 2564 lerion
2080 2488 2177 2562 Pen-

651 2633 737 2698 tec..
758 2622 881 2698 Pridie
902 2622 1140 2699 sanctissimae
1158 2623 1349 2701 Trinitatis
1366 2625 1471 2701 venit
1491 2623 1564 2698 buc
1585 2623 1710 2723 lpram
1732 2619 1916 2721 cogitans,
1941 2619 1986 2692 D.
2006 2613 2177 2692 Claudius

654 2748 701 2824 dc
724 2749 822 2849 Croy
848 2748 1119 2825 commissarius
1147 2749 1431 2850 magistratuum
1455 2749 1797 2827 constituendorum
1824 2773 1891 2851 per
1917 2746 2142 2823 Flandriam.

702 2874 855 2950 Eodem.
884 2875 981 2950 Dum
996 2875 1092 2971 lpris
1116 2873 1287 2951 membra
1306 2875 1489 2951 Flandriee
1516 2876 1672 2978 negotiis
1697 2875 1853 2978 publicis
1879 2873 2076 2965 inhaerent,
2104 2872 2176 2946 cito

656 3003 874 3080 Gandavum
901 3015 1083 3081 vocantur
1112 3015 1150 3081 ct
1179 3015 1270 3082 eunt
1298 3005 1345 3080 tt
1370 3004 1485 3105 junii,
1516 3002 1564 3080 ob
1592 3028 1700 3079 veros
1729 3001 1879 3103 quidcm
1908 3003 1975 3077 scd
2001 3000 2178 3076 infaustos

655 3151 843 3220 rumorem
871 3127 995 3229 itaque
1021 3138 1148 3205 noster
1173 3129 1395 3232 praepositus
1418 3133 1592 3234 deinceps
1617 3143 1764 3210 secutus
1791 3143 1859 3208 est.

705 3263 858 3340 Eodem.
883 3263 967 3339 sisti
985 3263 1092 3365 jubet
1113 3265 1172 3340 bie
1197 3268 1389 3368 operarios
1415 3265 1667 3368 quotidianos,
1690 3288 1766 3341 uno
1792 3263 1983 3364 alteroque
2004 3272 2180 3363 excepto,

658 3390 725 3464 sed
757 3401 884 3491 postea
913 3390 1047 3467 iterum
1076 3392 1215 3468 vocari.
1250 3395 1594 3472 Revercudissimus
1625 3398 1670 3471 D.
1703 3421 1786 3472 cum
1816 3395 1863 3469 D.
1899 3391 2180 3487 archidiacono,

658 3515 810 3616 aliisque
835 3516 895 3591 hic
915 3529 1138 3617 pernoctans
1159 3519 1208 3596 28
1225 3520 1339 3620 junii,
1369 3534 1495 3599 nostra
1518 3520 1653 3622 scapha
1680 3545 1766 3598 usus
1792 3531 1848 3597 est
1868 3521 2025 3623 Bergam
2051 3543 2181 3596 versus

661 3656 698 3720 et
722 3641 1059 3722 Dunlscrkamctc.
1087 3645 1206 3722 donec
1230 3649 1355 3749 ipram
1381 3648 1535 3724 rediret.
1763 3627 1773 3646 ’

711 3774 863 3849 Eodem.
890 3775 1037 3850 lterum*
1057 3773 1106 3849 ita
1128 3774 1335 3875 pluviosam
1360 3788 1506 3876 tempus
1528 3773 1597 3850 luit
1616 3784 1654 3848 et
1677 3773 1892 3851 timeremus
1916 3772 2098 3866 illuviemr
2125 3773 2184 3849 hic

663 3912 786 3975 tamma
811 3923 886 3975 non
912 3899 1000 3994 tuit,
1028 3899 1093 3976 sed
1119 3899 1205 3976 alibi
1230 3925 1347 4004 usque
1372 3904 1420 3981 ad
1444 3905 1492 3982 29
1514 3902 1596 4004 julii
1620 3902 1735 3980 tristis
1760 3928 1864 3979 aura.
1891 3904 1938 3980 D.
1966 3903 2186 4006 praepositus

664 4026 801 4128 negotii
823 4025 959 4129 publici
984 4052 1092 4104 causa
1112 4030 1237 4130 ipram
1259 4032 1361 4108 venit
1385 4032 1629 4110 conveniendi
1653 4031 1814 4133 episcopi
1834 4056 1959 4108 causa:
1985 4055 2059 4134 quo
2085 4031 2186 4107 domi

664 4178 741 4229 non
764 4153 916 4230 invento
942 4151 1015 4229 buc
1043 4155 1164 4248 venit,
1191 4167 1230 4231 et
1254 4156 1362 4235 valde
1389 4185 1498 4238 mane
1520 4159 1731 4236 Bruxellam
1760 4183 1933 4238 reversus
1959 4171 2015 4236 est
2038 4159 2062 4234 8
2088 4157 2183 4258 julii.

664 4282 887 4383 Praepositus
904 4292 1031 4358 noster
1048 4282 1151 4358 dedit
1167 4309 1212 4360 cu
1225 4285 1386 4365 florenos
1403 4290 1443 4364 in
1459 4289 1770 4366 alimentatiouem
1787 4284 1956 4364 militum.
1977 4285 2187 4363 Pestilentia
2219 4371 2224 4383 Ι

663 4411 899 4514 grassabatur
928 4411 968 4485 iu
998 4410 1184 4512 primariis
1217 4417 1425 4517 praesertim
1454 4416 1610 4495 urbibus
1639 4417 1841 4514 blandum,
1873 4415 1938 4493 sed
1972 4415 2040 4491 Dei
2069 4414 2187 4515 gratia

667 4564 744 4615 non
770 4538 929 4641 plurima
954 4540 1083 4616 mortis
1109 4542 1229 4644 imago
1255 4545 1336 4621 fuit.

714 4666 867 4742 Eodem.
887 4667 1044 4759 Quidam
1057 4669 1265 4769 vagabundi
1279 4673 1411 4752 milites
1428 4674 1555 4750 stricto
1572 4673 1709 4776 gladio,
1723 4673 1921 4777 verbisque
1938 4671 2180 4766 minantibus,

667 4789 880 4868 debacchati
906 4804 992 4868 sunt
1017 4803 1147 4869 contra
1172 4800 1438 4890 monasterium
1463 4810 1650 4892 nostrum,
1680 4799 1727 4876 ta
1752 4800 1910 4901 augusti.

714 4930 880 5036 Itemque
907 4930 1056 5037 quidam
1085 4930 1199 5007 auditi
1224 4946 1311 5012 suut
1335 4962 1381 5018 ex
1407 4936 1662 5014 Elseudamme
1688 4935 1756 5014 sibi
1780 4937 1857 5036 jam
1883 4935 1987 5038 quasi
2016 4932 2184 5010 dividere
