5088 6418
944 908 1363 990 EVEllSllAllllNSli.
1591 993 1596 1002 ,
1795 927 1803 940 ·
1869 912 1918 988 29

395 1159 579 1254 dinarius,
604 1172 642 1238 et
664 1161 745 1262 ejus
765 1161 866 1240 vices
891 1161 1011 1264 egisse
1031 1172 1209 1267 tanquam
1234 1164 1413 1265 decanus,
1437 1178 1474 1246 et
1500 1169 1711 1271 coadjutor,
1737 1171 1784 1247 D.
1804 1169 1922 1264 Quin-

252 1324 256 1336 ,
394 1288 494 1364 tinus
515 1287 674 1365 Caulier.

444 1417 554 1496 1550.
580 1418 784 1496 CarolusV
806 1429 1007 1497 coronatus
1026 1421 1120 1498 Bon.
1147 1420 1349 1522 imperator
1372 1418 1463 1504 ooes.
1487 1443 1635 1522 semper
1656 1431 1852 1523 augustus,
1877 1419 1920 1498 fit
2025 1417 2028 1426 ’

393 1566 477 1619 can.
502 1568 582 1646 reg.
603 1543 874 1622 Lateranensis.
901 1545 1014 1622 Facta
1034 1555 1092 1622 est
1111 1545 1312 1624 vehemens
1328 1557 1526 1625 ventorum
1546 1544 1654 1625 flatus
1674 1556 1712 1624 et
1732 1548 1919 1625 nocentis·

392 1673 484 1750 sima
506 1672 699 1750 inundatio
721 1672 760 1748 in
782 1697 869 1752 nov.
894 1672 1041 1754 eodem.
1067 1669 1190 1750 Oblati
1210 1684 1298 1752 sunt
1316 1676 1485 1753 redditus
1505 1685 1634 1752 nostro
1651 1676 1917 1754 monasteriae

390 1812 573 1877 metarum
595 1800 634 1877 in
659 1800 984 1904 Ghyverinchove‚
1004 1801 1074 1882 sub
1099 1803 1250 1881 nomine
1274 1803 1436 1882 loannes
1453 1803 1621 1899 Snouck,
1648 1801 1713 1882 ldii
1738 1803 1914 1899 Gilberti,

391 1927 439 2004 22
465 1926 592 2030 aprilis
617 1939 702 2031 post
727 1928 882 2007 Pascha.

437 2075 612 2151 Erasmus
638 2074 884 2152 lloterdamus
904 2075 1104 2152 canonicus
1125 2073 1307 2176 regularis
1332 2073 1547 2152 monasterii
1575 2073 1796 2168 Steineusis,
1825 2073 1916 2149 obiit
2008 2161 2011 2166 ,

392 2196 500 2274 1556.
521 2196 580 2273 Lis
605 2197 774 2300 quaedam
800 2197 887 2275 data
906 2197 1071 2298 arbitris,
1098 2199 1207 2279 uobis
1231 2201 1438 2304 adiudicata
1463 2213 1533 2298 est,
1560 2213 1637 2278 tam
1661 2199 1708 2278 ab
1735 2201 1777 2278 iis
1804 2227 1914 2305 quam

389 2332 517 2426 postea
541 2348 565 2401 a
589 2323 749 2401 scabinis
773 2323 953 2402 territorii
979 2325 1199 2424 Furnensis,
1227 2351 1327 2404 anno
1354 2325 1463 2404 1557.

437 2470 603 2547 Tandem
619 2470 666 2548 D.
686 2471 906 2573 praepositus
931 2480 1059 2550 noster
1076 2469 1278 2551 Guilelmus
1300 2476 1417 2551 Pours
1438 2473 1478 2572 in
1502 2472 1648 2551 Christo
1671 2472 1911 2562 obdormivit3

389 2597 554 2701 sepultus
581 2607 639 2675 est
669 2598 708 2674 in
733 2598 874 2700 templo
903 2609 1032 2677 nostro
1061 2598 1131 2677 sub
1168 2599 1263 2678 elata
1290 2595 1420 2674 tumba
1451 2621 1537 2673 cum
1571 2595 1777 2698 epitaphio,
1813 2621 1912 2701 anno

391 2724 500 2802 1558.
533 2724 686 2805 curavit
713 2723 797 2803 fieri
822 2725 966 2829 insigne
996 2724 1133 2830 pedum
1162 2725 1264 2829 quod
1291 2746 1466 2803 vocamus
1495 2725 1626 2804 Dolor.

438 2870 505 2948 llic
528 2870 758 2949 existimatur
784 2871 895 2949 luisse
918 2870 1027 2949 valde
1049 2871 1198 2949 humide
1219 2881 1258 2951 et
1279 2869 1450 2948 submissi
1474 2869 1589 2946 animi
1611 2892 1702 2970 erga
1726 2864 1910 2962 subditos,

389 3009 432 3076 ut
456 2996 652 3075 didicimus
677 3023 724 3074 ex
749 2997 956 3076 senioribus
979 3000 1130 3076 nostris.

433 3143 479 3219 D.
509 3140 707 3235 Quintinus
736 3142 881 3221 Caulier
907 3143 1080 3220 successit
1108 3143 1147 3220 in
1176 3107 1460 3246 praeposituram
1486 3137 1618 3217 eodem
1642 3138 1703 3217 vel
1732 3139 1909 3240 praedicto

386 3298 501 3351 auno.

433 3400 500 3477 llic
520 3397 581 3476 vir
597 3398 665 3476 luit
680 3399 788 3477 valde
803 3396 992 3502 proficuus
1009 3401 1232 3478 monasterio
1249 3423 1293 3475 ac
1317 3420 1445 3476 amaus
1462 3419 1614 3472 suorum
1634 3393 1906 3496 religiosorum,

383 3551 453 3603 nec
480 3525 604 3602 minus
627 3523 830 3603 honorans.
861 3525 1005 3604 Dicitur
1033 3541 1242 3631 assumptus
1270 3527 1318 3604 ad
1345 3525 1516 3604 ordinem
1546 3549 1592 3602 ex
1617 3522 1787 3625 scopario
1817 3549 1908 3601 con-

383 3666 530 3751 ventus,
550 3679 593 3731 ac
609 3653 661 3732 ita
683 3655 865 3756 gradatim
888 3681 958 3758 per
981 3657 1106 3735 omnia
1122 3657 1241 3738 officia
1262 3684 1306 3737 ac
1321 3655 1532 3759 dignitates,
1557 3653 1605 3731 ad
1625 3653 1907 3756 praeposituram

384 3779 432 3857 ob
456 3779 633 3857 virtutem
659 3788 698 3852 et
721 3776 912 3880 ingenium
936 3786 1164 3882 pervenisse.

430 3922 539 4000 1558.
572 3923 626 3998 lix
655 3922 726 3999 hoc
754 3946 854 4001 anno
884 3933 923 4000 ct
950 3924 1125 4032 deinceps
1150 3930 1295 4007 curavit
1323 3925 1427 4006 refici
1457 3927 1588 4004 domos
1617 3935 1655 4002 et
1683 3923 1788 4006 villas
1817 3950 1907 4001 cen-

380 4053 538 4150 suarios,
569 4051 728 4148 vivaria,
759 4053 948 4158 fossasque
976 4056 1130 4160 purgari
1162 4081 1232 4158 per
1259 4079 1378 4134 annos
1411 4053 1593 4156 singulos,
1625 4049 1774 4129 dumeta
1799 4052 1907 4153 plura

379 4179 438 4258 hic
463 4181 501 4257 in
526 4179 771 4274 monasterio,
798 4179 977 4290 alnosque
1001 4183 1089 4261 alibi
1113 4179 1288 4286 plantari.

429 4319 539 4396 1559.
559 4319 785 4397 Memoratur
801 4319 913 4398 luisse
934 4322 1069 4400 Furnis
1091 4323 1131 4399 in
1153 4322 1248 4400 festo
1273 4320 1312 4397 S.
1338 4318 1488 4419 Georgii
1510 4318 1549 4393 iu
1574 4314 1729 4392 solemni
1750 4315 1904 4394 inunita

379 4451 426 4526 D.
454 4445 599 4524 abbatis
623 4447 661 4523 S.
689 4445 829 4527 Nicolai
832 4505 1006 4529 ......

427 4589 538 4670 luto.
564 4589 736 4669 Damnati
762 4601 850 4669 sunt
877 4590 1015 4674 mulcta
1046 4592 1260 4695 pecuniaria
1290 4592 1338 4674 ab
1367 4589 1554 4672 hoballivo
1583 4591 1789 4685 Furneusi,
1820 4601 1904 4667 tnr-

375 4718 525 4816 batores
561 4727 698 4798 nostrae
735 4719 918 4798 Piscariae.
960 4717 1095 4799 Auctio
1133 4717 1260 4796 habita
1296 4729 1510 4797 nostrarum
1547 4717 1736 4822 sylvarum
1773 4715 1831 4794 bis
1864 4719 1904 4792 in

376 4841 531 4938 martio,
559 4841 704 4921 eodem.

425 4982 534 5068 ttlt.
579 4985 697 5070 Solvit
737 4989 784 5066 D.
824 4989 1045 5098 praepositus
1086 4991 1130 5070 F.
1172 4989 1374 5074 Guilelmus
1411 4990 1460 5072 de
1502 4991 1667 5086 Mamez,
1709 4986 1902 5091 religiosus
