5132 6412
952 841 1371 923 EVERSHAMENSE.
1890 851 1912 926 7

381 1101 522 1180 tionem
542 1099 767 1180 venerabilis
791 1109 830 1178 et
850 1101 1016 1179 honestae
1040 1099 1126 1177 vitae
1153 1097 1355 1176 sacerdotis
1377 1097 1610 1193 Goanraarr,
1638 1108 1675 1174 et
1701 1100 1910 1177 Euaooours

380 1231 601 1310 Gasselensis
627 1231 795 1310 canonici
825 1231 1047 1334 suscipiens,
1074 1227 1191 1304 altare
1217 1226 1422 1329 quoddam,
1450 1227 1551 1329 quod
1578 1227 1687 1304 situm
1713 1238 1769 1310 est
1798 1251 1910 1328 super

380 1365 520 1438 Isaram
545 1360 618 1455 sl,
642 1361 681 1437 in
707 1359 788 1438 loco
811 1361 874 1462 qui
899 1359 1035 1438 dieitur
1060 1357 1333 1453 llBVllllSAlll,
1357 1357 1505 1434 favente
1528 1358 1681 1459 praelato
1703 1357 1908 1454 Elbodone,

381 1491 421 1566 in
446 1488 549 1566 cuius
574 1486 750 1589 parochia
770 1485 1048 1582 continebatur,
1077 1511 1161 1564 cum
1186 1486 1283 1564 atrio
1308 1487 1518 1583 adiacente,
1544 1487 1702 1566 liberum
1725 1490 1908 1567 constituo

380 1627 419 1695 et
450 1615 498 1693 ab
531 1616 631 1692 omni
664 1615 865 1706 exactionis
898 1615 1025 1694 debito
1058 1641 1128 1719 pro
1167 1641 1294 1694 amore
1329 1618 1398 1694 Dei
1432 1629 1470 1695 et
1502 1619 1541 1696 S.
1579 1621 1691 1696 Parni
1730 1619 1905 1721 apostoli,

379 1746 570 1848 sanctique
593 1745 745 1823 Vedasti
771 1745 992 1823 confessoris
1017 1743 1183 1822 absolvo.

427 1873 522 1951 Illud
555 1873 666 1950 etiam
699 1875 900 1970 constituo,
935 1883 996 1970 ut,
1031 1872 1061 1948 si
1095 1871 1235 1949 ibidem
1269 1872 1398 1953 fideles
1430 1875 1603 1954 dederint
1636 1877 1736 1953 unde
1772 1877 1905 1955 iratres

376 2003 489 2107 aliqui
518 2001 717 2082 sustentari
749 2004 910 2108 possint,
941 2000 1180 2106 apostolicam
1209 2000 1425 2077 canonicam
1454 2000 1569 2084 vitam
1598 2001 1719 2078 loxra
1752 2001 1795 2077 B.
1826 2001 1906 2077 Au·

377 2150 524 2206 ausrnn
556 2126 723 2228 regulam
757 2125 892 2230 iugiter
928 2136 1081 2204 teneant
1118 2138 1155 2204 et
1190 2130 1409 2206 observent:
1449 2129 1579 2208 Oleum
1614 2127 1848 2206 infirmorum
1882 2155 1905 2206 a

376 2251 484 2331 nobis
516 2252 586 2354 ipsi
620 2253 819 2355 accipiant,
853 2265 892 2332 et
925 2254 1005 2332 sine
1040 2254 1304 2332 retractatione
1339 2252 1569 2354 sepulturam
1604 2251 1828 2354 possideant.
1866 2251 1904 2328 Si

374 2399 467 2452 vero
496 2375 534 2451 in
557 2386 702 2453 tautum
723 2399 785 2454 res
810 2379 987 2476 ereverit,
1019 2393 1061 2458 ut
1090 2395 1240 2486 pastore
1265 2382 1442 2460 iratribus
1472 2407 1565 2485 opus
1594 2383 1660 2477 sit,
1691 2405 1803 2483 quenr
1833 2381 1903 2480 ipsi

374 2502 571 2606 elegerint,
591 2503 699 2583 nobis
715 2506 919 2607 adducant,
938 2523 980 2588 ut
996 2536 1124 2590 euram
1142 2523 1180 2587 et
1202 2509 1520 2588 consecrationem
1537 2533 1560 2584 a
1581 2506 1690 2585 nobis
1713 2505 1900 2607 suscipiat,

373 2627 532 2705 Domino
560 2639 705 2706 tanturn
734 2643 772 2709 et
800 2633 908 2712 nobis
937 2635 1099 2716 obediat.
1131 2641 1253 2743 Siquis
1282 2662 1374 2717 vero
1404 2641 1500 2714 banc
1527 2635 1935 2714 nascuncuntur·

372 2755 511 2832 tionem
536 2755 676 2834 violare
696 2763 952 2863 temptaverit,
977 2774 1041 2842 aut
1057 2765 1104 2842 de
1121 2765 1313 2844 beneficiis
1338 2764 1505 2841 eiusdem
1521 2762 1684 2840 ecclesiae
1700 2761 1899 2863 aliquando

370 2901 552 2980 usurpare
577 2880 756 2981 voluerit,
790 2909 812 2962 a
840 2888 1071 2966 sanctissimo
1101 2917 1260 2996 corpore
1289 2907 1327 2972 et
1360 2893 1539 2996 sanguine
1573 2891 1722 2970 Domini
1756 2890 1898 2967 alienus

369 3007 517 3105 existat,
546 3035 738 3115 quousque
762 3015 921 3094 Domino
946 3030 986 3095 et
1012 3019 1176 3099 ecclesiae
1200 3026 1353 3127 prefatae
1378 3025 1586 3102 satisfaciat.

417 3133 571 3209 Factum
596 3147 651 3212 est
674 3135 745 3214 boc
761 3163 861 3218 anuo
886 3141 1079 3226 millesimo
1105 3155 1344 3256 nonagesimo
1362 3155 1500 3256 primo:
1527 3163 1708 3254 regnante
1724 3149 1895 3253 Philippo

368 3259 598 3336 Francorum
621 3285 728 3363 rege,
756 3265 972 3344 dominante
998 3273 1163 3353 Roberto
1190 3277 1473 3355 Flandrcnsium
1492 3277 1639 3372 comite.
1663 3276 1774 3352 Anno
1796 3300 1895 3377 prae·

367 3382 506 3459 sulatus
528 3384 686 3461 Gerardi
708 3387 871 3492 episcopi
893 3392 991 3470 Vlll.
1017 3397 1055 3476 S.
1082 3405 1316 3503 presentibus
1337 3404 1511 3484 testibus:
1538 3405 1685 3506 signum
1709 3401 1892 3505 Arnolpbi

366 3510 646 3616 archiepiscopi.
680 3517 720 3594 S.
752 3517 879 3595 llberti
911 3521 1191 3635 archiepiscopi.
1229 3536 1268 3613 S.
1300 3533 1446 3612 Milonis
1480 3535 1624 3612 decani.
1662 3535 1700 3611 S.
1737 3534 1890 3611 loannis

364 3641 522 3721 abbatis.
551 3645 588 3722 S.
620 3647 763 3726 Giroldi
792 3649 948 3728 abbatis.
978 3655 1017 3733 S.
1043 3656 1243 3758 lngelberti
1265 3658 1423 3737 abbatis.
1451 3661 1489 3738 S.
1517 3659 1693 3736 Lanlridi.
1719 3660 1758 3735 S.
1789 3659 1890 3736 Petri

362 3767 516 3848 abbatis.
552 3772 750 3855 Carroeen.
786 3779 824 3854 S.
861 3779 1019 3858 Baldrici
1051 3783 1194 3860 abbatis
1226 3781 1492 3886 Burgulicnsis.
1528 3783 1682 3886 Signum
1712 3781 1887 3858 Bernoldi

361 3901 560 4102 pappositi.
598 3906 636 3983 S.
669 3907 855 3986 lamberti
883 3912 1084 4013 prepositi.
1118 3913 1156 3989 S.
1186 3911 1340 3990 Odonis.
1373 3911 1412 3988 S.
1444 3910 1626 3988 Custodis.
1658 3912 1697 3988 S.
1725 3910 1887 3986 cantoris

390 4050 412 4103 o
428 4053 543 4129 quim.

407 4303 463 4377 Ex
487 4303 544 4379 his
568 4306 771 4407 colligimus
791 4333 903 4411 quam
926 4311 1019 4389 nihil
1039 4309 1220 4386 annalista
1241 4319 1368 4384 noster
1393 4306 1564 4405 Meyerus
1588 4304 1636 4382 de
1661 4305 1732 4380 hoe
1754 4314 1882 4380 nostro

355 4426 579 4503 monasterio
608 4427 818 4531 reliquerit,
851 4434 904 4508 uti
934 4433 1035 4510 canis
1065 4465 1111 4515 ex
1137 4439 1240 4532 Nilo,
1267 4436 1419 4513 bibens:
1450 4460 1497 4511 ex
1522 4432 1694 4510 omnibus
1720 4432 1879 4535 aliquid,

355 4561 393 4626 et
417 4577 464 4627 ex
489 4563 585 4650 toto,
622 4553 726 4632 nihil.

401 4677 518 4780 lgitur
534 4681 706 4758 sacellum
723 4682 793 4760 loci
806 4685 1097 4770 d’EVERSllAM
1114 4694 1271 4771 liberum
1290 4691 1527 4771 constitutum
1545 4700 1602 4766 est
1614 4713 1713 4765 anno
1730 4689 1878 4765 Domini

353 4825 392 4877 u.
425 4829 499 4882 xer.
532 4809 684 4889 sedente
713 4814 841 4891 Romae
873 4817 912 4893 in
946 4821 1122 4902 calbedra
1151 4824 1250 4903 Petri
1281 4825 1348 4901 8¹⁰⁰
1382 4825 1450 4899 D¹¹⁰
1484 4832 1613 4899 nostro
1646 4821 1798 4896 Unanno
1828 4821 1875 4895 ll.

351 4929 636 5039 archiepiscopo
674 4939 882 5046 Raynoldo.
919 4947 1100 5054 Episcopo
1137 4953 1319 5030 Gerardo.
1356 4954 1567 5052 Imperante
1603 4947 1774 5024 Heinrico
1809 4947 1874 5022 lV.
