<?xml version="1.0" encoding="UTF-8"?>
<!DOCTYPE html PUBLIC "-//W3C//DTD XHTML 1.0 Transitional//EN"
    "http://www.w3.org/TR/xhtml1/DTD/xhtml1-transitional.dtd">
<html xmlns="http://www.w3.org/1999/xhtml" xml:lang="en" lang="en">
 <head>
  <title>
</title>
<meta http-equiv="Content-Type" content="text/html;charset=utf-8" />
  <meta name='ocr-system' content='tesseract 3.04.00' />
  <meta name='ocr-capabilities' content='ocr_page ocr_carea ocr_par ocr_line ocrx_word'/>
</head>
<body>
  <div class='ocr_page' id='page_1' title='image "./chroniconmonast00evergoog_0066.png"; bbox 0 0 5132 6412; ppageno 0'>
   <div class='ocr_carea' id='block_1_1' title="bbox 662 939 1581 1021">
    <p class='ocr_par' dir='ltr' id='par_1_1' title="bbox 662 939 1581 1021">
     <span class='ocr_line' id='line_1_1' title="bbox 662 939 1581 1021; baseline -0.005 0"><span class='ocrx_word' id='word_1_1' title='bbox 662 939 710 1021; x_wconf 74' lang='grc'>32</span> <span class='ocrx_word' id='word_1_2' title='bbox 1274 943 1581 1020; x_wconf 71' lang='grc' dir='ltr'><strong>(11111οΝ111οΝ</strong></span> 
     </span>
    </p>
   </div>
   <div class='ocr_carea' id='block_1_2' title="bbox 660 1185 2221 1404">
    <p class='ocr_par' dir='ltr' id='par_1_2' title="bbox 660 1185 2221 1404">
     <span class='ocr_line' id='line_1_2' title="bbox 660 1185 2187 1276; baseline -0.008 -4"><span class='ocrx_word' id='word_1_3' title='bbox 660 1194 785 1272; x_wconf 90' lang='lat' dir='ltr'>cilium</span> <span class='ocrx_word' id='word_1_4' title='bbox 801 1194 1055 1274; x_wconf 92' lang='lat' dir='ltr'>membrorum</span> <span class='ocrx_word' id='word_1_5' title='bbox 1076 1196 1261 1276; x_wconf 79' lang='lat' dir='ltr'>Flandriae</span> <span class='ocrx_word' id='word_1_6' title='bbox 1286 1199 1331 1275; x_wconf 88' lang='grc'><strong>17</strong></span> <span class='ocrx_word' id='word_1_7' title='bbox 1358 1198 1458 1276; x_wconf 89' lang='lat' dir='ltr'>maii</span> <span class='ocrx_word' id='word_1_8' title='bbox 1483 1193 1614 1273; x_wconf 86' lang='lat' dir='ltr'>Invisit</span> <span class='ocrx_word' id='word_1_9' title='bbox 1634 1192 1744 1270; x_wconf 91' lang='lat' dir='ltr'>etiam</span> <span class='ocrx_word' id='word_1_10' title='bbox 1762 1215 1830 1268; x_wconf 89' lang='lat' dir='ltr'>nos</span> <span class='ocrx_word' id='word_1_11' title='bbox 1855 1185 2187 1266; x_wconf 86' lang='lat' dir='ltr'>reverendissimus</span> 
     </span>
     <span class='ocr_line' id='line_1_3' title="bbox 661 1319 2221 1404; baseline 0.003 -2"><span class='ocrx_word' id='word_1_12' title='bbox 661 1324 708 1402; x_wconf 89' lang='lat' dir='ltr'>D.</span> <span class='ocrx_word' id='word_1_13' title='bbox 736 1335 808 1400; x_wconf 88' lang='lat' dir='ltr'>etc.</span> <span class='ocrx_word' id='word_1_14' title='bbox 836 1324 904 1402; x_wconf 88' lang='lat' dir='ltr'>sed</span> <span class='ocrx_word' id='word_1_15' title='bbox 928 1324 1060 1403; x_wconf 89' lang='lat' dir='ltr'>eadem</span> <span class='ocrx_word' id='word_1_16' title='bbox 1087 1325 1199 1402; x_wconf 87' lang='lat' dir='ltr'>rediit</span> <span class='ocrx_word' id='word_1_17' title='bbox 1223 1327 1297 1404; x_wconf 91' lang='lat' dir='ltr'>die.</span> <span class='ocrx_word' id='word_1_18' title='bbox 2219 1319 2221 1326; x_wconf 57' lang='grc'>’</span> 
     </span>
    </p>
   </div>
   <div class='ocr_carea' id='block_1_3' title="bbox 659 1456 2226 2328">
    <p class='ocr_par' dir='ltr' id='par_1_3' title="bbox 660 1456 2226 1695">
     <span class='ocr_line' id='line_1_4' title="bbox 711 1456 2226 1567; baseline -0.009 -20"><span class='ocrx_word' id='word_1_19' title='bbox 711 1469 821 1547; x_wconf 81' lang='grc'><strong>1650.</strong></span> <span class='ocrx_word' id='word_1_20' title='bbox 840 1470 952 1549; x_wconf 82' lang='lat' dir='ltr'><strong>Venit</strong></span> <span class='ocrx_word' id='word_1_21' title='bbox 976 1471 1049 1549; x_wconf 90' lang='lat' dir='ltr'>huc</span> <span class='ocrx_word' id='word_1_22' title='bbox 1078 1473 1125 1550; x_wconf 88' lang='lat' dir='ltr'>R.</span> <span class='ocrx_word' id='word_1_23' title='bbox 1157 1474 1203 1549; x_wconf 87' lang='lat' dir='ltr'>D.</span> <span class='ocrx_word' id='word_1_24' title='bbox 1236 1471 1351 1550; x_wconf 86' lang='lat' dir='ltr'>abbas</span> <span class='ocrx_word' id='word_1_25' title='bbox 1380 1473 1418 1548; x_wconf 87' lang='lat' dir='ltr'>S.</span> <span class='ocrx_word' id='word_1_26' title='bbox 1451 1467 1610 1563; x_wconf 89' lang='lat' dir='ltr'>Bertini,</span> <span class='ocrx_word' id='word_1_27' title='bbox 1635 1464 1847 1567; x_wconf 86' lang='lat' dir='ltr'>Philippus,</span> <span class='ocrx_word' id='word_1_28' title='bbox 1874 1487 1958 1539; x_wconf 91' lang='lat' dir='ltr'>cum</span> <span class='ocrx_word' id='word_1_29' title='bbox 1992 1459 2087 1553; x_wconf 90' lang='lat' dir='ltr'>suis,</span> <span class='ocrx_word' id='word_1_30' title='bbox 2119 1456 2187 1534; x_wconf 92' lang='lat' dir='ltr'>sub</span> <span class='ocrx_word' id='word_1_31' title='bbox 2223 1519 2226 1524; x_wconf 91' lang='lat'>.</span> 
     </span>
     <span class='ocr_line' id='line_1_5' title="bbox 660 1595 1793 1695; baseline -0.01 -21"><span class='ocrx_word' id='word_1_32' title='bbox 660 1597 842 1674; x_wconf 91' lang='lat' dir='ltr'>meridem</span> <span class='ocrx_word' id='word_1_33' title='bbox 867 1608 906 1676; x_wconf 91' lang='lat' dir='ltr'>et</span> <span class='ocrx_word' id='word_1_34' title='bbox 931 1597 1055 1676; x_wconf 90' lang='lat' dir='ltr'>oblata</span> <span class='ocrx_word' id='word_1_35' title='bbox 1081 1599 1200 1674; x_wconf 90' lang='lat' dir='ltr'>hostia</span> <span class='ocrx_word' id='word_1_36' title='bbox 1227 1600 1306 1675; x_wconf 90' lang='lat' dir='ltr'>Deo</span> <span class='ocrx_word' id='word_1_37' title='bbox 1333 1597 1449 1675; x_wconf 86' lang='lat' dir='ltr'>abivit</span> <span class='ocrx_word' id='word_1_38' title='bbox 1474 1595 1687 1695; x_wconf 83' lang='lat' dir='ltr'><strong>inpransus.</strong></span> <span class='ocrx_word' id='word_1_39' title='bbox 1790 1621 1793 1627; x_wconf 93' lang='lat'>·</span> 
     </span>
    </p>

    <p class='ocr_par' dir='ltr' id='par_1_4' title="bbox 659 1708 2188 2081">
     <span class='ocr_line' id='line_1_6' title="bbox 709 1708 2188 1817; baseline -0.012 -12"><span class='ocrx_word' id='word_1_40' title='bbox 709 1728 862 1805; x_wconf 83' lang='lat' dir='ltr'>Eodem.</span> <span class='ocrx_word' id='word_1_41' title='bbox 886 1728 972 1806; x_wconf 87' lang='lat' dir='ltr'>Fuit</span> <span class='ocrx_word' id='word_1_42' title='bbox 999 1728 1109 1806; x_wconf 86' lang='lat' dir='ltr'>etiam</span> <span class='ocrx_word' id='word_1_43' title='bbox 1135 1727 1195 1804; x_wconf 93' lang='lat' dir='ltr'>hic</span> <span class='ocrx_word' id='word_1_44' title='bbox 1215 1729 1261 1804; x_wconf 90' lang='lat' dir='ltr'>D.</span> <span class='ocrx_word' id='word_1_45' title='bbox 1290 1725 1403 1803; x_wconf 91' lang='lat' dir='ltr'>abbas</span> <span class='ocrx_word' id='word_1_46' title='bbox 1424 1717 1722 1801; x_wconf 80' lang='lat' dir='ltr'>Zonnebelranus</span> <span class='ocrx_word' id='word_1_47' title='bbox 1745 1741 1830 1792; x_wconf 88' lang='lat' dir='ltr'>cum</span> <span class='ocrx_word' id='word_1_48' title='bbox 1855 1713 2031 1817; x_wconf 82' lang='lat' dir='ltr'>priorissa</span> <span class='ocrx_word' id='word_1_49' title='bbox 2059 1708 2188 1788; x_wconf 88' lang='lat' dir='ltr'>viridis</span> 
     </span>
     <span class='ocr_line' id='line_1_7' title="bbox 659 1836 2179 1956; baseline -0.011 -26"><span class='ocrx_word' id='word_1_50' title='bbox 659 1853 780 1930; x_wconf 88' lang='lat' dir='ltr'>vallis:</span> <span class='ocrx_word' id='word_1_51' title='bbox 800 1854 904 1931; x_wconf 89' lang='lat' dir='ltr'>venit</span> <span class='ocrx_word' id='word_1_52' title='bbox 928 1854 1080 1931; x_wconf 93' lang='lat' dir='ltr'>domum</span> <span class='ocrx_word' id='word_1_53' title='bbox 1097 1854 1268 1931; x_wconf 92' lang='lat' dir='ltr'>dominus</span> <span class='ocrx_word' id='word_1_54' title='bbox 1295 1851 1514 1956; x_wconf 88' lang='lat' dir='ltr'>praepositus</span> <span class='ocrx_word' id='word_1_55' title='bbox 1540 1871 1650 1924; x_wconf 85' lang='lat' dir='ltr'>causa</span> <span class='ocrx_word' id='word_1_56' title='bbox 1675 1841 1901 1945; x_wconf 74' lang='lat' dir='ltr'>excipiendae</span> <span class='ocrx_word' id='word_1_57' title='bbox 1926 1836 2179 1944; x_wconf 81' lang='lat' dir='ltr'>professionis,</span> 
     </span>
     <span class='ocr_line' id='line_1_8' title="bbox 661 1977 1178 2081; baseline -0.004 -26"><span class='ocrx_word' id='word_1_58' title='bbox 661 2003 735 2081; x_wconf 90' lang='lat' dir='ltr'>qua</span> <span class='ocrx_word' id='word_1_59' title='bbox 760 1989 912 2080; x_wconf 89' lang='lat' dir='ltr'>peracta</span> <span class='ocrx_word' id='word_1_60' title='bbox 937 2003 1025 2055; x_wconf 88' lang='lat' dir='ltr'>mox</span> <span class='ocrx_word' id='word_1_61' title='bbox 1050 1977 1178 2055; x_wconf 87' lang='lat' dir='ltr'>abivit.</span> 
     </span>
    </p>

    <p class='ocr_par' dir='ltr' id='par_1_5' title="bbox 662 2091 2185 2328">
     <span class='ocr_line' id='line_1_9' title="bbox 708 2091 2185 2200; baseline -0.011 -17"><span class='ocrx_word' id='word_1_62' title='bbox 708 2107 862 2185; x_wconf 89' lang='lat' dir='ltr'>Eodem.</span> <span class='ocrx_word' id='word_1_63' title='bbox 889 2108 1033 2188; x_wconf 83' lang='lat' dir='ltr'>loanna</span> <span class='ocrx_word' id='word_1_64' title='bbox 1048 2130 1157 2184; x_wconf 90' lang='lat' dir='ltr'>soror</span> <span class='ocrx_word' id='word_1_65' title='bbox 1181 2107 1291 2183; x_wconf 85' lang='lat' dir='ltr'>unica</span> <span class='ocrx_word' id='word_1_66' title='bbox 1318 2132 1400 2184; x_wconf 89' lang='lat' dir='ltr'>mea</span> <span class='ocrx_word' id='word_1_67' title='bbox 1422 2106 1537 2183; x_wconf 86' lang='lat' dir='ltr'>evita</span> <span class='ocrx_word' id='word_1_68' title='bbox 1560 2099 1652 2179; x_wconf 89' lang='lat' dir='ltr'>abiit</span> <span class='ocrx_word' id='word_1_69' title='bbox 1667 2100 1716 2177; x_wconf 70' lang='grc'><strong>11</strong></span> <span class='ocrx_word' id='word_1_70' title='bbox 1740 2096 1982 2200; x_wconf 81' lang='lat' dir='ltr'>septembris,</span> <span class='ocrx_word' id='word_1_71' title='bbox 2007 2105 2117 2195; x_wconf 88' lang='lat' dir='ltr'>atque</span> <span class='ocrx_word' id='word_1_72' title='bbox 2135 2091 2185 2168; x_wconf 89' lang='lat' dir='ltr'>ita</span> 
     </span>
     <span class='ocr_line' id='line_1_10' title="bbox 662 2231 929 2328; baseline -0.022 -14"><span class='ocrx_word' id='word_1_73' title='bbox 662 2259 709 2315; x_wconf 85' lang='lat' dir='ltr'>ex</span> <span class='ocrx_word' id='word_1_74' title='bbox 734 2231 929 2328; x_wconf 89' lang='lat' dir='ltr'>omnibus,</span> 
     </span>
    </p>
   </div>
   <div class='ocr_carea' id='block_1_4' title="bbox 660 2421 2040 2530">
    <p class='ocr_par' dir='ltr' id='par_1_6' title="bbox 660 2421 2040 2530">
     <span class='ocr_line' id='line_1_11' title="bbox 660 2421 2040 2530; baseline -0.014 -25"><span class='ocrx_word' id='word_1_75' title='bbox 660 2522 664 2530; x_wconf 24' lang='grc' dir='ltr'>Ι</span> <span class='ocrx_word' id='word_1_76' title='bbox 800 2429 942 2503; x_wconf 84' lang='lat' dir='ltr'>UalCUs</span> <span class='ocrx_word' id='word_1_77' title='bbox 966 2450 1003 2497; x_wconf 85' lang='lat' dir='ltr'>rr</span> <span class='ocrx_word' id='word_1_78' title='bbox 1027 2429 1153 2498; x_wconf 80' lang='lat' dir='ltr'>rrUrar</span> <span class='ocrx_word' id='word_1_79' title='bbox 1175 2429 1259 2496; x_wconf 85' lang='lat' dir='ltr'>sUlll</span> <span class='ocrx_word' id='word_1_80' title='bbox 1284 2448 1342 2495; x_wconf 82' lang='lat' dir='ltr'>sao</span> <span class='ocrx_word' id='word_1_81' title='bbox 1368 2428 1485 2510; x_wconf 86' lang='lat' dir='ltr'>DrUs,</span> <span class='ocrx_word' id='word_1_82' title='bbox 1513 2427 1550 2494; x_wconf 79' lang='lat' dir='ltr'>la</span> <span class='ocrx_word' id='word_1_83' title='bbox 1574 2447 1611 2492; x_wconf 82' lang='lat' dir='ltr'>re</span> <span class='ocrx_word' id='word_1_84' title='bbox 1634 2422 1765 2490; x_wconf 80' lang='lat' dir='ltr'>ralrlar</span> <span class='ocrx_word' id='word_1_85' title='bbox 1788 2441 1807 2488; x_wconf 76' lang='grc'><strong>1</strong></span> <span class='ocrx_word' id='word_1_86' title='bbox 1831 2421 2040 2489; x_wconf 77' lang='lat' dir='ltr'>raurarlosr.</span> 
     </span>
    </p>
   </div>
   <div class='ocr_carea' id='block_1_5' title="bbox 984 2607 1863 2822">
    <p class='ocr_par' dir='ltr' id='par_1_7' title="bbox 984 2607 1863 2822">
     <span class='ocr_line' id='line_1_12' title="bbox 984 2607 1863 2703; baseline -0.015 -17"><span class='ocrx_word' id='word_1_87' title='bbox 984 2613 1091 2686; x_wconf 85' lang='lat' dir='ltr'>Serius</span> <span class='ocrx_word' id='word_1_88' title='bbox 1115 2619 1169 2680; x_wconf 89' lang='lat' dir='ltr'>ant</span> <span class='ocrx_word' id='word_1_89' title='bbox 1192 2612 1282 2681; x_wconf 84' lang='lat' dir='ltr'>eitius</span> <span class='ocrx_word' id='word_1_90' title='bbox 1306 2613 1419 2680; x_wconf 84' lang='lat' dir='ltr'>mortis</span> <span class='ocrx_word' id='word_1_91' title='bbox 1444 2630 1650 2703; x_wconf 85' lang='lat' dir='ltr'>properamus</span> <span class='ocrx_word' id='word_1_92' title='bbox 1674 2607 1714 2678; x_wconf 86' lang='lat' dir='ltr'>ad</span> <span class='ocrx_word' id='word_1_93' title='bbox 1737 2628 1863 2681; x_wconf 85' lang='lat' dir='ltr'>urnam.</span> 
     </span>
     <span class='ocr_line' id='line_1_13' title="bbox 984 2727 1789 2822; baseline -0.011 -19"><span class='ocrx_word' id='word_1_94' title='bbox 984 2727 1789 2822; x_wconf 50' lang='lat' dir='ltr'>&amp;mmmwmmfflm</span> 
     </span>
    </p>
   </div>
   <div class='ocr_carea' id='block_1_6' title="bbox 982 2855 1134 2948">
    <p class='ocr_par' dir='ltr' id='par_1_8' title="bbox 982 2855 1134 2948">
     <span class='ocr_line' id='line_1_14' title="bbox 982 2855 1134 2948; baseline -0.02 -18"><span class='ocrx_word' id='word_1_95' title='bbox 982 2855 1134 2948; x_wconf 78' lang='lat' dir='ltr'>Tempus.</span> 
     </span>
    </p>
   </div>
   <div class='ocr_carea' id='block_1_7' title="bbox 658 3127 2183 5135">
    <p class='ocr_par' dir='ltr' id='par_1_9' title="bbox 659 3127 2183 3623">
     <span class='ocr_line' id='line_1_15' title="bbox 708 3127 2182 3237; baseline -0.007 -22"><span class='ocrx_word' id='word_1_96' title='bbox 708 3136 861 3215; x_wconf 83' lang='lat' dir='ltr'>Eodem.</span> <span class='ocrx_word' id='word_1_97' title='bbox 889 3139 934 3213; x_wconf 92' lang='lat' dir='ltr'>ln</span> <span class='ocrx_word' id='word_1_98' title='bbox 959 3137 1102 3216; x_wconf 88' lang='lat' dir='ltr'>octobri</span> <span class='ocrx_word' id='word_1_99' title='bbox 1130 3138 1266 3216; x_wconf 92' lang='lat' dir='ltr'>iterum</span> <span class='ocrx_word' id='word_1_100' title='bbox 1297 3137 1427 3237; x_wconf 82' lang='lat' dir='ltr'>ingens</span> <span class='ocrx_word' id='word_1_101' title='bbox 1456 3135 1525 3211; x_wconf 85' lang='lat' dir='ltr'>luit</span> <span class='ocrx_word' id='word_1_102' title='bbox 1555 3157 1735 3235; x_wconf 89' lang='lat' dir='ltr'>aquarum</span> <span class='ocrx_word' id='word_1_103' title='bbox 1765 3156 1867 3207; x_wconf 88' lang='lat' dir='ltr'>mare</span> <span class='ocrx_word' id='word_1_104' title='bbox 1892 3140 1935 3206; x_wconf 85' lang='lat' dir='ltr'>ut</span> <span class='ocrx_word' id='word_1_105' title='bbox 1963 3128 2094 3205; x_wconf 92' lang='lat' dir='ltr'>domus</span> <span class='ocrx_word' id='word_1_106' title='bbox 2121 3127 2182 3204; x_wconf 91' lang='lat' dir='ltr'>illa</span> 
     </span>
     <span class='ocr_line' id='line_1_16' title="bbox 659 3246 2183 3372; baseline -0.013 -27"><span class='ocrx_word' id='word_1_107' title='bbox 659 3267 709 3345; x_wconf 89' lang='lat' dir='ltr'>ad</span> <span class='ocrx_word' id='word_1_108' title='bbox 737 3279 907 3345; x_wconf 88' lang='lat' dir='ltr'>nostrum</span> <span class='ocrx_word' id='word_1_109' title='bbox 932 3269 1146 3370; x_wconf 88' lang='lat' dir='ltr'>trajectum,</span> <span class='ocrx_word' id='word_1_110' title='bbox 1174 3267 1330 3372; x_wconf 88' lang='lat' dir='ltr'>amplius</span> <span class='ocrx_word' id='word_1_111' title='bbox 1359 3263 1482 3340; x_wconf 92' lang='lat' dir='ltr'>medio</span> <span class='ocrx_word' id='word_1_112' title='bbox 1508 3260 1604 3364; x_wconf 90' lang='lat' dir='ltr'>pede</span> <span class='ocrx_word' id='word_1_113' title='bbox 1634 3257 1737 3359; x_wconf 86' lang='lat' dir='ltr'>quasi</span> <span class='ocrx_word' id='word_1_114' title='bbox 1767 3246 1931 3349; x_wconf 84' lang='lat' dir='ltr'>nataret,</span> <span class='ocrx_word' id='word_1_115' title='bbox 1956 3252 2117 3353; x_wconf 93' lang='lat' dir='ltr'>denique</span> <span class='ocrx_word' id='word_1_116' title='bbox 2142 3261 2183 3326; x_wconf 87' lang='lat' dir='ltr'>ut</span> 
     </span>
     <span class='ocr_line' id='line_1_17' title="bbox 659 3381 2182 3493; baseline -0.009 -23"><span class='ocrx_word' id='word_1_117' title='bbox 659 3391 699 3470; x_wconf 90' lang='lat' dir='ltr'>in</span> <span class='ocrx_word' id='word_1_118' title='bbox 731 3391 955 3468; x_wconf 88' lang='lat' dir='ltr'>monasterio</span> <span class='ocrx_word' id='word_1_119' title='bbox 991 3391 1242 3469; x_wconf 75' lang='lat' dir='ltr'>habitantibus</span> <span class='ocrx_word' id='word_1_120' title='bbox 1271 3391 1409 3469; x_wconf 90' lang='lat' dir='ltr'>ibidem</span> <span class='ocrx_word' id='word_1_121' title='bbox 1439 3388 1696 3493; x_wconf 79' lang='lat' dir='ltr'>emigrandum</span> <span class='ocrx_word' id='word_1_122' title='bbox 1727 3385 1834 3462; x_wconf 80' lang='lat' dir='ltr'>soret.</span> <span class='ocrx_word' id='word_1_123' title='bbox 1855 3381 2077 3462; x_wconf 88' lang='lat' dir='ltr'>Virschariae</span> <span class='ocrx_word' id='word_1_124' title='bbox 2112 3381 2182 3458; x_wconf 92' lang='lat' dir='ltr'>do·</span> 
     </span>
     <span class='ocr_line' id='line_1_18' title="bbox 660 3518 1357 3623; baseline 0.006 -30"><span class='ocrx_word' id='word_1_125' title='bbox 660 3518 833 3596; x_wconf 90' lang='lat' dir='ltr'>muncula</span> <span class='ocrx_word' id='word_1_126' title='bbox 856 3519 977 3621; x_wconf 88' lang='lat' dir='ltr'>posita</span> <span class='ocrx_word' id='word_1_127' title='bbox 1002 3529 1058 3595; x_wconf 86' lang='lat' dir='ltr'>est</span> <span class='ocrx_word' id='word_1_128' title='bbox 1084 3520 1124 3596; x_wconf 90' lang='lat' dir='ltr'>in</span> <span class='ocrx_word' id='word_1_129' title='bbox 1149 3520 1357 3623; x_wconf 88' lang='lat' dir='ltr'>Diepezele.</span> 
     </span>
    </p>

    <p class='ocr_par' dir='ltr' id='par_1_10' title="bbox 658 3641 2183 4265">
     <span class='ocr_line' id='line_1_19' title="bbox 708 3641 2179 3748; baseline -0.007 -22"><span class='ocrx_word' id='word_1_130' title='bbox 708 3644 861 3726; x_wconf 82' lang='lat' dir='ltr'>Eodem.</span> <span class='ocrx_word' id='word_1_131' title='bbox 875 3645 988 3723; x_wconf 88' lang='lat' dir='ltr'>Venit</span> <span class='ocrx_word' id='word_1_132' title='bbox 999 3645 1047 3722; x_wconf 90' lang='lat' dir='ltr'>ad</span> <span class='ocrx_word' id='word_1_133' title='bbox 1061 3671 1129 3723; x_wconf 92' lang='lat' dir='ltr'>nos</span> <span class='ocrx_word' id='word_1_134' title='bbox 1143 3648 1315 3723; x_wconf 87' lang='lat' dir='ltr'>sacerdos</span> <span class='ocrx_word' id='word_1_135' title='bbox 1328 3646 1517 3748; x_wconf 88' lang='lat' dir='ltr'>hybernus</span> <span class='ocrx_word' id='word_1_136' title='bbox 1530 3644 1680 3721; x_wconf 92' lang='lat' dir='ltr'>nomine</span> <span class='ocrx_word' id='word_1_137' title='bbox 1692 3647 1823 3720; x_wconf 90' lang='lat' dir='ltr'>Petrus</span> <span class='ocrx_word' id='word_1_138' title='bbox 1835 3641 1975 3738; x_wconf 80' lang='lat' dir='ltr'>Butler,</span> <span class='ocrx_word' id='word_1_139' title='bbox 1990 3642 2179 3736; x_wconf 85' lang='lat' dir='ltr'>honestus,</span> 
     </span>
     <span class='ocr_line' id='line_1_20' title="bbox 661 3767 2182 3874; baseline -0.005 -24"><span class='ocrx_word' id='word_1_140' title='bbox 661 3772 874 3874; x_wconf 85' lang='lat' dir='ltr'>captivitate</span> <span class='ocrx_word' id='word_1_141' title='bbox 896 3771 1227 3851; x_wconf 86' lang='lat' dir='ltr'>Dunkerkerorum</span> <span class='ocrx_word' id='word_1_142' title='bbox 1250 3773 1451 3852; x_wconf 89' lang='lat' dir='ltr'>abitinere</span> <span class='ocrx_word' id='word_1_143' title='bbox 1473 3771 1703 3874; x_wconf 80' lang='lat' dir='ltr'>navigatorio</span> <span class='ocrx_word' id='word_1_144' title='bbox 1722 3770 1770 3847; x_wconf 92' lang='lat' dir='ltr'>ad</span> <span class='ocrx_word' id='word_1_145' title='bbox 1795 3767 1953 3870; x_wconf 87' lang='lat' dir='ltr'>patriam</span> <span class='ocrx_word' id='word_1_146' title='bbox 1973 3767 2182 3843; x_wconf 86' lang='lat' dir='ltr'>retardatus</span> 
     </span>
     <span class='ocr_line' id='line_1_21' title="bbox 658 3893 2183 4004; baseline 0 -32"><span class='ocrx_word' id='word_1_147' title='bbox 658 3907 697 3972; x_wconf 86' lang='lat' dir='ltr'>et</span> <span class='ocrx_word' id='word_1_148' title='bbox 725 3893 896 3972; x_wconf 92' lang='lat' dir='ltr'>omnibus</span> <span class='ocrx_word' id='word_1_149' title='bbox 922 3894 1098 3997; x_wconf 90' lang='lat' dir='ltr'>spoliatus</span> <span class='ocrx_word' id='word_1_150' title='bbox 1127 3896 1166 3972; x_wconf 93' lang='lat' dir='ltr'>in</span> <span class='ocrx_word' id='word_1_151' title='bbox 1195 3901 1411 3996; x_wconf 73' lang='lat' dir='ltr'>novembri,</span> <span class='ocrx_word' id='word_1_152' title='bbox 1436 3913 1474 3979; x_wconf 92' lang='lat' dir='ltr'>et</span> <span class='ocrx_word' id='word_1_153' title='bbox 1500 3903 1625 4004; x_wconf 89' lang='lat' dir='ltr'>lpram</span> <span class='ocrx_word' id='word_1_154' title='bbox 1647 3902 1735 3978; x_wconf 91' lang='lat' dir='ltr'>hinc</span> <span class='ocrx_word' id='word_1_155' title='bbox 1760 3902 1851 3977; x_wconf 90' lang='lat' dir='ltr'>ibat.</span> <span class='ocrx_word' id='word_1_156' title='bbox 1881 3900 2041 3975; x_wconf 86' lang='lat' dir='ltr'>Domum</span> <span class='ocrx_word' id='word_1_157' title='bbox 2072 3897 2183 3974; x_wconf 88' lang='lat' dir='ltr'>rediit</span> 
     </span>
     <span class='ocr_line' id='line_1_22' title="bbox 658 4024 2180 4136; baseline -0.003 -28"><span class='ocrx_word' id='word_1_158' title='bbox 658 4027 705 4108; x_wconf 88' lang='lat' dir='ltr'>D.</span> <span class='ocrx_word' id='word_1_159' title='bbox 736 4024 957 4127; x_wconf 85' lang='lat' dir='ltr'>praepositus</span> <span class='ocrx_word' id='word_1_160' title='bbox 986 4025 1174 4106; x_wconf 76' lang='lat' dir='ltr'>Bruxella:</span> <span class='ocrx_word' id='word_1_161' title='bbox 1213 4027 1277 4104; x_wconf 88' lang='lat' dir='ltr'>ubi</span> <span class='ocrx_word' id='word_1_162' title='bbox 1307 4031 1442 4107; x_wconf 89' lang='lat' dir='ltr'>dicitur</span> <span class='ocrx_word' id='word_1_163' title='bbox 1472 4034 1690 4111; x_wconf 88' lang='lat' dir='ltr'>convenisse</span> <span class='ocrx_word' id='word_1_164' title='bbox 1721 4031 1908 4136; x_wconf 88' lang='lat' dir='ltr'>principes</span> <span class='ocrx_word' id='word_1_165' title='bbox 1942 4038 2055 4133; x_wconf 88' lang='lat' dir='ltr'>supc&#39;r</span> <span class='ocrx_word' id='word_1_166' title='bbox 2083 4039 2180 4104; x_wconf 87' lang='lat' dir='ltr'>statu</span> 
     </span>
     <span class='ocr_line' id='line_1_23' title="bbox 660 4150 1742 4265; baseline 0.013 -38"><span class='ocrx_word' id='word_1_167' title='bbox 660 4150 768 4253; x_wconf 87' lang='lat' dir='ltr'>Reip.</span> <span class='ocrx_word' id='word_1_168' title='bbox 796 4150 982 4227; x_wconf 82' lang='lat' dir='ltr'>Flandriae</span> <span class='ocrx_word' id='word_1_169' title='bbox 1007 4151 1202 4228; x_wconf 88' lang='lat' dir='ltr'>etiterum</span> <span class='ocrx_word' id='word_1_170' title='bbox 1229 4152 1319 4232; x_wconf 89' lang='lat' dir='ltr'>abiit</span> <span class='ocrx_word' id='word_1_171' title='bbox 1342 4159 1441 4261; x_wconf 89' lang='lat' dir='ltr'>prid.</span> <span class='ocrx_word' id='word_1_172' title='bbox 1470 4159 1544 4240; x_wconf 87' lang='lat' dir='ltr'>kal.</span> <span class='ocrx_word' id='word_1_173' title='bbox 1567 4163 1742 4265; x_wconf 86' lang='lat' dir='ltr'>januarii.</span> 
     </span>
    </p>

    <p class='ocr_par' dir='ltr' id='par_1_11' title="bbox 658 4279 2181 4519">
     <span class='ocr_line' id='line_1_24' title="bbox 712 4279 2181 4393; baseline 0.003 -35"><span class='ocrx_word' id='word_1_174' title='bbox 712 4281 821 4362; x_wconf 78' lang='grc'><strong>1651.</strong></span> <span class='ocrx_word' id='word_1_175' title='bbox 846 4281 961 4384; x_wconf 80' lang='lat' dir='ltr'>Capit</span> <span class='ocrx_word' id='word_1_176' title='bbox 981 4279 1176 4385; x_wconf 81' lang='lat' dir='ltr'>religiosus</span> <span class='ocrx_word' id='word_1_177' title='bbox 1193 4283 1299 4384; x_wconf 85' lang='lat' dir='ltr'>jussu</span> <span class='ocrx_word' id='word_1_178' title='bbox 1321 4287 1460 4367; x_wconf 89' lang='lat' dir='ltr'>domini</span> <span class='ocrx_word' id='word_1_179' title='bbox 1484 4292 1691 4393; x_wconf 87' lang='lat' dir='ltr'>praepositi,</span> <span class='ocrx_word' id='word_1_180' title='bbox 1715 4293 1882 4370; x_wconf 91' lang='lat' dir='ltr'>dividere</span> <span class='ocrx_word' id='word_1_181' title='bbox 1912 4291 2181 4390; x_wconf 88' lang='lat' dir='ltr'>eleemosynam</span> 
     </span>
     <span class='ocr_line' id='line_1_25' title="bbox 658 4411 2178 4519; baseline 0 -29"><span class='ocrx_word' id='word_1_182' title='bbox 658 4412 885 4517; x_wconf 88' lang='lat' dir='ltr'>pauperibus</span> <span class='ocrx_word' id='word_1_183' title='bbox 902 4411 1016 4489; x_wconf 89' lang='lat' dir='ltr'>semel</span> <span class='ocrx_word' id='word_1_184' title='bbox 1033 4411 1072 4488; x_wconf 91' lang='lat' dir='ltr'>in</span> <span class='ocrx_word' id='word_1_185' title='bbox 1089 4411 1322 4493; x_wconf 89' lang='lat' dir='ltr'>hebdomada</span> <span class='ocrx_word' id='word_1_186' title='bbox 1338 4417 1409 4494; x_wconf 88' lang='lat' dir='ltr'>fer.</span> <span class='ocrx_word' id='word_1_187' title='bbox 1428 4415 1604 4497; x_wconf 92' lang='lat' dir='ltr'>nimirum</span> <span class='ocrx_word' id='word_1_188' title='bbox 1621 4421 1658 4515; x_wconf 79' lang='grc'><strong>1,</strong></span> <span class='ocrx_word' id='word_1_189' title='bbox 1678 4430 1803 4496; x_wconf 89' lang='lat' dir='ltr'>tamen</span> <span class='ocrx_word' id='word_1_190' title='bbox 1823 4429 1967 4495; x_wconf 87' lang='lat' dir='ltr'>tantum</span> <span class='ocrx_word' id='word_1_191' title='bbox 1984 4437 2178 4519; x_wconf 82' lang='lat' dir='ltr'>pagorum.</span> 
     </span>
    </p>

    <p class='ocr_par' dir='ltr' id='par_1_12' title="bbox 661 4538 2178 4776">
     <span class='ocr_line' id='line_1_26' title="bbox 708 4538 2178 4645; baseline -0.003 -27"><span class='ocrx_word' id='word_1_192' title='bbox 708 4541 860 4618; x_wconf 86' lang='lat' dir='ltr'>Eodem.</span> <span class='ocrx_word' id='word_1_193' title='bbox 877 4542 1031 4645; x_wconf 76' lang='lat' dir='ltr'>Magnus</span> <span class='ocrx_word' id='word_1_194' title='bbox 1047 4541 1160 4621; x_wconf 91' lang='lat' dir='ltr'>timor</span> <span class='ocrx_word' id='word_1_195' title='bbox 1177 4557 1257 4623; x_wconf 88' lang='lat' dir='ltr'>erat</span> <span class='ocrx_word' id='word_1_196' title='bbox 1274 4546 1310 4622; x_wconf 88' lang='lat' dir='ltr'>in</span> <span class='ocrx_word' id='word_1_197' title='bbox 1327 4545 1501 4623; x_wconf 84' lang='lat' dir='ltr'>Flandria</span> <span class='ocrx_word' id='word_1_198' title='bbox 1513 4546 1560 4622; x_wconf 91' lang='lat' dir='ltr'>de</span> <span class='ocrx_word' id='word_1_199' title='bbox 1576 4544 1740 4624; x_wconf 88' lang='lat' dir='ltr'>adventu</span> <span class='ocrx_word' id='word_1_200' title='bbox 1757 4543 1918 4622; x_wconf 91' lang='lat' dir='ltr'>hostium</span> <span class='ocrx_word' id='word_1_201' title='bbox 1934 4542 1973 4616; x_wconf 92' lang='lat' dir='ltr'>in</span> <span class='ocrx_word' id='word_1_202' title='bbox 1990 4538 2178 4632; x_wconf 82' lang='lat' dir='ltr'>Flandria,</span> 
     </span>
     <span class='ocr_line' id='line_1_27' title="bbox 661 4665 1534 4776; baseline 0.011 -34"><span class='ocrx_word' id='word_1_203' title='bbox 661 4665 895 4744; x_wconf 89' lang='lat' dir='ltr'>miserandus</span> <span class='ocrx_word' id='word_1_204' title='bbox 920 4668 1020 4744; x_wconf 90' lang='lat' dir='ltr'>enim</span> <span class='ocrx_word' id='word_1_205' title='bbox 1046 4681 1102 4746; x_wconf 89' lang='lat' dir='ltr'>est</span> <span class='ocrx_word' id='word_1_206' title='bbox 1125 4681 1239 4748; x_wconf 84' lang='lat' dir='ltr'>status</span> <span class='ocrx_word' id='word_1_207' title='bbox 1265 4672 1379 4776; x_wconf 77' lang='lat' dir='ltr'>belgii</span> <span class='ocrx_word' id='word_1_208' title='bbox 1404 4674 1534 4752; x_wconf 86' lang='lat' dir='ltr'>nostri.</span> 
     </span>
    </p>

    <p class='ocr_par' dir='ltr' id='par_1_13' title="bbox 658 4795 2181 5135">
     <span class='ocr_line' id='line_1_28' title="bbox 707 4795 2180 4902; baseline -0.001 -31"><span class='ocrx_word' id='word_1_209' title='bbox 707 4795 792 4872; x_wconf 80' lang='lat' dir='ltr'>Fuit</span> <span class='ocrx_word' id='word_1_210' title='bbox 824 4795 885 4873; x_wconf 92' lang='lat' dir='ltr'>hio</span> <span class='ocrx_word' id='word_1_211' title='bbox 912 4797 1141 4875; x_wconf 90' lang='lat' dir='ltr'>reverendus</span> <span class='ocrx_word' id='word_1_212' title='bbox 1173 4799 1272 4876; x_wconf 88' lang='lat' dir='ltr'>adm.</span> <span class='ocrx_word' id='word_1_213' title='bbox 1305 4801 1476 4879; x_wconf 91' lang='lat' dir='ltr'>dominus</span> <span class='ocrx_word' id='word_1_214' title='bbox 1506 4799 1708 4877; x_wconf 84' lang='lat' dir='ltr'>Guilelmus</span> <span class='ocrx_word' id='word_1_215' title='bbox 1739 4798 1863 4902; x_wconf 87' lang='lat' dir='ltr'>Zylol,</span> <span class='ocrx_word' id='word_1_216' title='bbox 1897 4795 2180 4876; x_wconf 87' lang='lat' dir='ltr'>archidiaconus</span> 
     </span>
     <span class='ocr_line' id='line_1_29' title="bbox 658 4920 2181 5038; baseline 0.001 -41"><span class='ocrx_word' id='word_1_217' title='bbox 658 4922 839 5023; x_wconf 75' lang='lat' dir='ltr'>lprensiS,</span> <span class='ocrx_word' id='word_1_218' title='bbox 858 4923 917 5000; x_wconf 90' lang='lat' dir='ltr'>vir</span> <span class='ocrx_word' id='word_1_219' title='bbox 934 4922 1164 5001; x_wconf 89' lang='lat' dir='ltr'>doctissimus</span> <span class='ocrx_word' id='word_1_220' title='bbox 1183 4925 1290 5026; x_wconf 75' lang='lat' dir='ltr'>juxta</span> <span class='ocrx_word' id='word_1_221' title='bbox 1314 4952 1358 5005; x_wconf 90' lang='lat' dir='ltr'>ac</span> <span class='ocrx_word' id='word_1_222' title='bbox 1379 4929 1641 5038; x_wconf 87' lang='lat' dir='ltr'>pientissimus,</span> <span class='ocrx_word' id='word_1_223' title='bbox 1665 4928 1779 5006; x_wconf 91' lang='lat' dir='ltr'>ethic</span> <span class='ocrx_word' id='word_1_224' title='bbox 1804 4925 2036 5036; x_wconf 86' lang='lat' dir='ltr'>pernoctavit</span> <span class='ocrx_word' id='word_1_225' title='bbox 2053 4920 2181 5001; x_wconf 87' lang='lat' dir='ltr'>ultima</span> 
     </span>
     <span class='ocr_line' id='line_1_30' title="bbox 658 5048 850 5135; baseline 0.016 -10"><span class='ocrx_word' id='word_1_226' title='bbox 658 5048 850 5135; x_wconf 72' lang='lat' dir='ltr'>februarii.</span> 
     </span>
    </p>
   </div>
   <div class='ocr_carea' id='block_1_8' title="bbox 0 0 2570 6405">
    <p class='ocr_par' dir='ltr' id='par_1_14' title="bbox 0 0 2570 6405">
     <span class='ocr_line' id='line_1_31' title="bbox 0 0 2570 6405; baseline 0 0"><span class='ocrx_word' id='word_1_227' title='bbox 0 0 2570 6405; x_wconf 95' lang='lat' dir='ltr'> </span> 
     </span>
    </p>
   </div>
  </div>
 </body>
</html>
