5088 6418
684 923 709 994 d
1283 915 1612 996 PROOEMIUM.

685 1185 813 1252 nostro
839 1173 1063 1250 monasterio
1089 1171 1350 1276 chronologice
1376 1171 1629 1266 confecturus,
1655 1169 1751 1246 hanc
1776 1168 1895 1270 legem
1917 1163 2022 1266 sequi
2049 1160 2210 1253 annitar,

685 1306 842 1407 ideoque
859 1302 1039 1406 quidquid
1063 1301 1247 1378 historicae
1270 1301 1326 1378 rei
1346 1300 1516 1377 ordinem
1534 1297 1687 1375 minime
1702 1295 1840 1398 tangit,
1858 1292 1919 1372 vel
1936 1303 1979 1370 ut
1994 1301 2214 1368 extraneum

684 1437 911 1528 rescindam;
930 1434 1091 1512 alienum
1117 1435 1254 1536 quippe
1274 1431 1366 1509 mibi
1391 1452 1538 1529 semper
1563 1427 1684 1505 visum
1703 1423 1913 1502 huiusmodi
1937 1422 2122 1512 inserere,
2141 1414 2213 1491 nisi

684 1565 917 1664 perbreviter
933 1563 1053 1642 tribus
1069 1563 1212 1642 verbis:
1242 1561 1359 1639 multo
1380 1558 1497 1661 magis
1515 1550 1616 1656 quod
1640 1547 1873 1626 mendacium
1892 1544 2001 1648 sapit.
2020 1539 2213 1621 Praevideo

685 1689 745 1765 hic
772 1689 970 1767 nonnullos
1002 1690 1100 1785 lore,
1133 1690 1218 1792 qui,
1254 1688 1320 1766 ubi
1350 1687 1402 1766 sic
1434 1685 1598 1765 viderint
1630 1682 1669 1757 in
1698 1703 1814 1757 unum
1843 1676 2037 1754 collectum
2065 1670 2213 1774 (quale-

684 1814 791 1915 quale
823 1814 956 1912 fuerit)
989 1817 1085 1911 risu,
1120 1816 1181 1892 vel
1214 1814 1321 1894 sibilo
1354 1814 1553 1916 excipiant.
1590 1809 1687 1887 Talis
1721 1820 1777 1885 est
1810 1807 2001 1884 bominum
2037 1803 2213 1879 inertium

683 1939 831 2042 geniuS,
859 1939 1033 2041 quidum
1049 1964 1126 2016 non
1152 1951 1226 2037 est,
1254 1941 1417 2043 segniter
1433 1947 1631 2043 appetunt,
1650 1937 1740 2014 dum
1755 1960 1847 2014 vero
1872 1946 1948 2030 cst,
1970 1945 2210 2028 aversantur,

684 2095 728 2146 ac
753 2070 792 2145 in
818 2071 994 2172 angulum
1020 2072 1238 2173 projiciunt,
1266 2073 1334 2150 sed
1358 2072 1496 2152 insulse
1520 2069 1720 2148 admodum
1745 2093 1789 2145 ac
1805 2068 2077 2172 imprudenter:
2104 2063 2212 2141 ideo·

683 2217 756 2294 que
784 2191 912 2268 labore
941 2218 1008 2269 suo
1034 2193 1129 2268 liber
1152 2219 1215 2270 eos
1242 2220 1285 2270 ac
1313 2199 1433 2296 pretio
1458 2209 1607 2300 reputat
1635 2197 1828 2298 indignos,
1859 2194 1992 2272 sufficit
2019 2193 2110 2271 mibi
2138 2192 2210 2270 hoc

683 2318 722 2392 in
744 2317 865 2394 studio
887 2317 959 2393 mei
982 2317 1139 2395 delectio
1162 2321 1288 2398 animi.
1309 2324 1405 2416 Quid
1428 2347 1589 2425 namque
1609 2331 1686 2397 tam
1707 2317 1960 2395 miserandum
1982 2342 2094 2420 quam
2117 2315 2211 2393 nibil

682 2443 795 2538 scire,
826 2442 918 2518 nihil
950 2445 1114 2522 retinere
1143 2449 1190 2524 dc
1223 2459 1371 2550 patrum
1403 2463 1618 2532 nostrorum
1646 2450 1848 2528 memoria?
1877 2449 2032 2552 Semper
2058 2462 2114 2528 est
2140 2452 2211 2529 boc

681 2599 833 2650 manere
860 2600 1007 2676 pueros.
1036 2576 1204 2678 Denique
1228 2577 1319 2653 mibi
1342 2591 1379 2657 et
1404 2583 1536 2659 sinon
1560 2579 1631 2656 nisi
1657 2579 1762 2655 labor
1786 2578 1915 2672 luerit,
1942 2589 2068 2656 tamen
2093 2580 2208 2657 multo

681 2703 891 2782 iucundior.
919 2679 1047 2781 Cicero
1077 2705 1141 2781 dat
1168 2706 1324 2783 brevem
1353 2707 1506 2784 modum
1528 2706 1728 2784 scribendi.
1755 2708 1840 2813 Ipsa
1868 2706 2012 2809 inquit,
2044 2706 2209 2784 exaedifi-

682 2831 778 2907 catio
811 2831 1011 2930 (historiae)
1045 2833 1164 2934 posita
1198 2845 1253 2912 cst
1284 2835 1322 2910 in
1351 2835 1463 2912 rebus
1497 2844 1534 2912 et
1568 2834 1705 2912 verbis.
1738 2835 1878 2909 Rerum
1907 2833 2003 2910 ratio
2037 2834 2208 2913 ordinem

681 2972 892 3063 temporum
916 2961 1119 3056 desiderat,
1147 2964 1343 3066 regionum
1366 2965 1673 3067 descriptionem,
1699 2965 1737 3040 in
1761 2965 1875 3042 rebus
1898 2967 2041 3069 magnis
2064 2993 2208 3046 memo·

681 3090 811 3190 riaque
844 3090 982 3192 dignis,
1018 3090 1170 3168 consilia
1202 3104 1370 3193 patrum,
1401 3092 1537 3168 deinde
1565 3103 1685 3187 actus,
1723 3104 1850 3192 postea
1884 3103 2038 3170 eventus
2071 3119 2208 3194 expec-

681 3229 809 3296 tentur
824 3230 894 3297 etc.
912 3219 1122 3298 Verborum
1136 3233 1260 3299 autem
1277 3223 1373 3299 ratio
1391 3232 1428 3297 et
1446 3244 1562 3322 genus
1581 3219 1758 3295 orationis
1770 3219 1892 3295 fusum
1905 3229 2016 3321 atque
2032 3231 2204 3320 tractum,

682 3361 719 3424 et
748 3377 832 3426 curn
865 3351 1015 3428 lenitate
1048 3353 1207 3454 quadam
1241 3349 1410 3454 aequabili
1444 3349 1652 3451 profluens,
1688 3348 1768 3424 sine
1801 3349 1959 3425 iudiciali
1989 3354 2206 3453 asperitate,

683 3476 760 3553 sive
793 3479 1059 3553 sententiarum
1091 3478 1295 3555 forensium
1328 3478 1463 3555 aculeis
1498 3479 1799 3581 prosequendum
1834 3479 1858 3556 l.
1895 3483 1920 3557 ἓ
1950 3481 1997 3558 de
2027 3483 2092 3559 Or.
2126 3487 2208 3562 Non

683 3605 807 3679 omnia
828 3605 876 3681 ist
900 3604 978 3680 haec
1001 3606 1060 3681 hic
1084 3616 1184 3682 sunt:
1213 3607 1416 3684 sedunum
1442 3607 1512 3683 boc
1538 3619 1579 3682 ut
1601 3605 1896 3684 benefaciamus?
1916 3611 2025 3712 (quid
2047 3635 2207 3715 namque

684 3731 800 3831 magis
837 3733 1088 3833 propinquum
1127 3758 1238 3834 quam
1271 3731 1525 3809 beneficentiae
1562 3755 1638 3807 non
1670 3730 1877 3832 obliviscit)
1910 3735 2210 3816 Benel'actoribus

685 3883 843 3957 quorum
885 3871 1132 3942 sustentamur
1170 3860 1451 3952 misericordiis,
1491 3859 1666 3936 nimirum
1704 3861 1897 3938 saeculares
1935 3863 2208 3964 corporalibus,

686 3979 917 4056 ecclesiastici
941 4008 1008 4058 nos
1033 3995 1189 4083 pascunt
1216 3983 1484 4086 spiritualibus,
1513 3984 1569 4062 his
1594 3985 1753 4062 vivimus
1774 3987 1882 4064 beate
1907 3988 1996 4065 caelo
2023 3990 2207 4067 interris.

685 4109 740 4183 De
776 4109 907 4209 primis
942 4110 1093 4187 dicitur:
1140 4112 1190 4189 illi
1230 4124 1317 4190 sunt
1352 4114 1423 4189 viri
1456 4114 1718 4190 misericordia
1755 4139 1913 4216 quorum
1946 4116 2101 4217 pietates
2133 4143 2210 4195 non

685 4237 900 4315 debrerunt:
929 4241 976 4317 de
1000 4243 1188 4320 secundis:
1216 4246 1440 4321 Mementote
1470 4244 1743 4346 prepositorum
1767 4256 1978 4323 vestrorum
2012 4249 2075 4348 qui
2105 4247 2210 4326 vobis

686 4365 827 4468 loquuti
854 4381 940 4446 sunt
964 4370 1122 4447 verbum
1147 4371 1215 4447 Dei
1240 4371 1366 4472 igitur.

960 4578 1142 4650 Auscultate
1168 4581 1296 4663 animis,
1324 4582 1348 4651 si
1373 4591 1489 4653 vestras
1513 4584 1595 4655 sone
1618 4605 1676 4677 per
1699 4605 1789 4654 aures

961 4687 1084 4754 Nomen
1110 4688 1283 4756 Evrnsnrn
1307 4690 1378 4771 ivit,
1405 4687 1486 4759 lama
1511 4689 1705 4771 celebrante,
1732 4688 1872 4772 sodales,

964 4793 1006 4858 Et
1029 4798 1117 4860 vacat
1140 4795 1275 4863 annalcis
1300 4804 1479 4866 nostrorum
1504 4798 1611 4868 audire
1633 4796 1775 4867 laborum
1787 4825 1797 4885 ;

965 4898 1030 4963 lam
1056 4899 1156 4988 prima
1183 4899 1319 4971 claustra
1342 4910 1486 4994 repetens
1509 4904 1549 4974 ab
1573 4905 1692 4996 origine
1715 4925 1864 4996 pergam,

962 5001 1004 5073 Et
1026 5001 1160 5072 narrabo
1184 5005 1266 5075 riros
1290 5011 1378 5098 quels
1404 5025 1467 5078 non
1491 5006 1601 5079 oblivia
1626 5006 1766 5079 stabunt.
