5088 6418
683 874 707 948 8
1283 877 1588 956 CHRONICON

684 1132 878 1233 Regnante
915 1131 1085 1235 Philippo
1122 1133 1139 1208 l
1176 1133 1342 1211 Francis.
1381 1133 1622 1234 Principante
1661 1130 1833 1208 Flandris
1873 1131 2037 1210 Roberto
2077 1133 2210 1211 Frisio.

684 1262 811 1337 Altare
837 1261 935 1338 istud
959 1271 1041 1338 erat
1065 1261 1173 1339 valde
1197 1263 1403 1364 subjectum
1430 1259 1609 1338 alluvioni
1635 1283 1833 1360 aquarum,
1865 1259 1966 1362 quod
1992 1260 2031 1336 in
2057 1259 2211 1361 palustri

684 1391 794 1466 situm
828 1390 909 1467 loeo
943 1388 990 1466 sit
1029 1400 1084 1485 et,
1115 1401 1158 1466 ut
1188 1399 1273 1493 post
1302 1387 1480 1482 vidimus,
1521 1385 1610 1465 satis
1641 1386 1750 1462 basso
1783 1385 2014 1487 pavimento,
2043 1385 2137 1463 adeo
2173 1398 2213 1462 ut

683 1529 812 1620 postea
837 1519 886 1595 ad
911 1547 950 1596 vr
976 1519 1091 1622 pedes
1118 1521 1341 1600 elevaretur.

731 1646 874 1722 Exinde
897 1648 1215 1725 verosimillimum
1239 1660 1390 1725 autumo
1421 1646 1581 1723 eundem
1604 1643 1835 1721 sacerdotem
1861 1642 2103 1722 Gualhertum
2126 1645 2211 1722 huic

682 1769 789 1846 altari
823 1795 892 1872 per
920 1771 1061 1872 aliquot
1088 1795 1206 1848 annos
1235 1771 1275 1847 in
1300 1771 1424 1874 quiete
1453 1775 1774 1877 contemplationis
1804 1776 1882 1850 Deo
1912 1775 2098 1868 vacando,
2130 1800 2211 1852 ser-

680 1897 834 1991 vivisse,
864 1907 975 1998 atque
1007 1897 1055 1972 de
1086 1898 1192 1974 altari
1220 1899 1367 1976 vixisse.
1400 1901 1495 1976 Sunt
1522 1927 1683 2003 namque
1709 1925 1800 1978 arva
1831 1900 1910 1976 eius
1944 1913 1981 1976 et
2011 1925 2144 1977 census
2172 1901 2210 1976 in

682 2027 888 2104 Merchem:
911 2029 962 2104 ita
987 2028 1099 2106 hahet
1120 2054 1187 2106 ms.
1208 2030 1342 2107 codex:
1371 2029 1495 2103 Eroeu
1518 2031 1603 2106 cudo
1625 2029 1798 2132 ervetyte
1821 2039 1946 2106 rentem
1967 2029 2211 2107 toebehorcnde

684 2156 725 2230 de
754 2155 915 2257 copelrye
942 2167 1031 2232 aaut
1061 2156 1206 2234 elooster
1237 2183 1309 2234 ooo
1341 2157 1519 2232 Euersam
1552 2158 1594 2232 irc
1622 2155 1665 2231 de
1689 2155 1835 2258 prochie
1867 2156 1954 2233 ende
1983 2156 2210 2258 hcerlydhede

682 2303 755 2354 oon
779 2277 979 2353 Morlchem.
998 2280 1044 2354 st
1066 2276 1217 2354 clarius:
1239 2281 1293 2355 De
1310 2281 1471 2384 copelrye
1497 2308 1570 2359 oon
1585 2286 1779 2360 Euersame
1796 2283 1910 2360 londt.
1932 2284 2041 2361 Anno
2062 2287 2208 2363 Domini

669 2407 782 2486 ,1095
804 2407 962 2482 moritur
980 2429 1102 2483 eomes
1120 2407 1306 2484 Rohertus
1332 2409 1472 2486 Frisios
1497 2406 1648 2502 Casleti3
1674 2406 1769 2507 (alii,
1796 2407 1835 2483 in
1853 2405 2050 2484 Winedale
2067 2407 2209 2506 dicunt)

684 2531 779 2607 iacet
818 2531 981 2632 sepultus
1015 2532 1145 2608 Casleti
1182 2533 1221 2607 in
1251 2534 1289 2610 S.
1318 2536 1440 2630 Petri,
1476 2536 1514 2610 in
1549 2547 1691 2637 crypta.
1728 2533 1868 2610 Eodem
1902 2532 1961 2608 vel
1995 2535 2209 2633 precedenti

685 2661 843 2738 moritur
872 2663 951 2736 ΒΜ
971 2660 1161 2737 Gerardus
1186 2663 1393 2764 episcopus.
1426 2666 1555 2740 Postea
1585 2657 1853 2736 Attrehatensis
1879 2669 1916 2732 et
1937 2657 2209 2734 Cameracensis

686 2787 880 2886 episcopus
905 2785 1095 2860 ecclesiam
1120 2787 1351 2863 Morinorum
1376 2789 1487 2866 etiam
1512 2785 1756 2889 gubernabat.

733 2913 908 3013 Deposito
941 2915 987 2988 D.
1024 2913 1197 3016 episeopo
1231 2916 1398 2995 Gerardo
1433 2915 1607 2994 successit
1642 2913 1712 2988 11⁶⁸·
1742 2912 1913 2989 dominus
1946 2913 2108 2988 loannes
2144 2917 2206 3014 qui

684 3039 845 3140 primum
885 3038 922 3112 S.
962 3037 1086 3113 lvonis
1123 3037 1340 3141 discipulus,
1380 3044 1516 3122 deinde
1552 3041 1745 3143 religiosus
1783 3040 1949 3117 canonici
1989 3040 2130 3117 ordinis
2170 3044 2208 3118 in

683 3169 808 3244 Monte
847 3169 884 3242 S.
925 3167 1050 3269 Eligit,
1085 3170 1217 3247 exhinc
1257 3198 1371 3274 porro
1409 3176 1691 3254 archidiaconus
1727 3172 2015 3264 Attrehatensis‚
2059 3171 2208 3249 demum

682 3298 876 3398 episeopus
891 3297 1112 3374 Morinensis
1129 3299 1289 3377 ecclesiae
1306 3317 1542 3382 consecratus
1564 3316 1620 3380 est
1642 3303 1688 3378 ah
1711 3301 1988 3402 archiepiscopo
2007 3303 2207 3378 Remorum

680 3426 861 3518 Manasse,
889 3448 988 3501 anno
1014 3426 1161 3501 Domini
1185 3453 1224 3503 u.
1245 3455 1346 3507 xcix.
1367 3433 1452 3510 Fuit
1469 3459 1516 3508 ex
1532 3436 1712 3511 Wastena
1735 3430 1835 3533 apud
1852 3433 1984 3532 Lyzam
2012 3430 2205 3527 oriundus3

681 3563 781 3626 extat
802 3552 880 3626 eius
907 3551 984 3626 laus
1006 3552 1105 3654 apud
1129 3556 1310 3632 loannem
1331 3559 1494 3658 iperium
1520 3557 1691 3636 abbatem
1714 3559 1752 3635 S.
1781 3557 1934 3635 Bertini.
1957 3556 2022 3632 llio
2047 3557 2105 3632 vir
2128 3559 2206 3635 Deo

681 3678 812 3780 plenus
842 3678 978 3753 zelatus
1007 3704 1076 3778 pro
1106 3679 1217 3757 domo
1246 3684 1313 3758 Dei
1344 3683 1475 3761 eodem
1507 3711 1605 3764 anno
1629 3686 1807 3763 nonnulla
1837 3684 2023 3761 inchoavit
2048 3710 2090 3760 ae
2115 3711 2207 3785 pro·

679 3801 815 3897 movit,
841 3813 935 3878 teste
964 3805 1105 3903 lperio,
1137 3809 1359 3884 monasteria
1385 3812 1424 3886 in
1449 3814 1603 3891 occidua
1631 3814 1822 3910 standi-ia,
1851 3802 1889 3891 el
1918 3815 2015 3890 inter
2041 3812 2129 3908 hec,
2162 3841 2206 3892 co

679 3926 848 4003 adiutore
866 3928 1070 4004 caenohium
1088 3931 1345 4010 EVERSHAM
1368 3935 1581 4014 inchoatum
1600 3950 1656 4017 est
1675 3939 1805 4017 iisdem
1822 3939 1886 4041 qui
1912 3962 2023 4038 super
2042 3963 2204 4040 regnan·

680 4048 795 4123 tibus:
838 4075 949 4151 papa,
985 4053 1225 4152 imperatore:
1262 4059 1539 4166 archiepiscopo
1574 4067 1760 4160 hiemasse,
1797 4077 1834 4142 et
1872 4065 2035 4142 Roherto
2075 4064 2206 4140 Hiero-

681 4177 899 4278 solymitano
932 4181 1212 4259 Flandrensium
1242 4187 1388 4265 comite.
