5132 6412
657 909 707 984 lt
1268 897 1572 977 CllRONlGON

658 1161 805 1238 Milonis
831 1157 993 1262 episcopi
1024 1157 1273 1252 Morinorum,
1301 1167 1339 1234 et
1368 1153 1588 1264 praedicasse
1617 1151 1752 1228 Puruis
1780 1171 1879 1226 anno
1902 1147 2049 1225 Domini
2077 1174 2117 1223 u.
2147 1172 2181 1222 c.

658 1311 801 1372 xxxvm
838 1298 875 1363 et
908 1287 947 1361 in
979 1284 1206 1362 monasterio
1235 1283 1282 1360 de
1316 1281 1452 1378 Dunis)
1485 1305 1533 1356 ex
1564 1279 1764 1356 traditione
1798 1276 2013 1369 seniorum,
2049 1275 2111 1352 hic
2145 1274 2185 1348 in

659 1416 836 1491 Eversum
861 1413 1069 1515 accepimus
1095 1421 1290 1512 exceptum
1315 1410 1426 1487 luisse
1452 1408 1617 1510 hospicio
1642 1417 1680 1483 et
1705 1404 1889 1482 convivio.

708 1536 801 1612 Huic
822 1535 995 1638 episcopo
1013 1557 1228 1611 concessere
1248 1539 1381 1614 summi
1400 1537 1593 1640 pontifices
1610 1536 1814 1639 plenariam
1833 1543 2054 1636 potestatem
2073 1555 2185 1633 super

660 1662 783 1739 omnia
807 1662 1031 1738 monasteria
1061 1673 1098 1737 et
1124 1660 1276 1764 collegia
1301 1690 1376 1742 suae
1402 1665 1581 1742 dioecesis.
1612 1664 1755 1740 Dicitur
1780 1663 1820 1737 in
1843 1662 1919 1740 vita
1944 1662 1982 1737 S.
2010 1656 2186 1736 Norberti

660 1818 743 1868 cum
761 1793 912 1895 quidam
933 1792 1075 1868 diceret
1097 1791 1179 1894 quis
1201 1793 1240 1868 in
1262 1793 1324 1870 illa
1339 1804 1557 1896 tempestate
1578 1791 1795 1887 excelleret,
1824 1790 1891 1866 ait:
1916 1790 1961 1865 ln
1983 1786 2184 1865 Nortberto

661 1920 800 1998 eminet
824 1918 935 2016 fides,
965 1920 1005 1995 in
1029 1920 1222 1998 Bernardo
1246 1921 1504 2003 Clarevalleusi
1529 1921 1707 2016 charitas,
1734 1921 1773 1997 in
1798 1918 1934 1997 Milone
1957 1915 2184 1995 Tarnanensi

661 2051 834 2152 episcopo
860 2049 1061 2126 humilitas.

710 2257 869 2336 Thomas
903 2258 1045 2336 Bekhet
1074 2258 1313 2336 cancellarius
1347 2259 1488 2362 anglia
1517 2270 1556 2335 et
1583 2260 1881 2361 archiepiscopus
1914 2257 2189 2360 Cantuariensis

661 2412 743 2464 ean.
772 2413 853 2489 reg.
881 2388 1000 2465 occid.
1031 2389 1069 2465 S.
1096 2390 1258 2490 Martyr,
1284 2389 1323 2465 in
1347 2389 1498 2490 templo.
1531 2389 1711 2465 Dominus
1736 2386 1940 2464 Lebbertus
1970 2385 2188 2488 praepositus

660 2517 936 2594 Eversameusis
962 2527 1190 2593 memoratur
1219 2527 1260 2593 ut
1286 2518 1389 2593 testis
1415 2515 1650 2619 subsignasse
1678 2519 1775 2621 lpris
1797 2516 2058 2594 donationibus
2085 2516 2188 2593 lactis

661 2647 824 2724 ecclesiae
852 2648 930 2724 sive
957 2647 1183 2723 monasterio
1207 2648 1245 2723 S.
1272 2645 1411 2723 Nicolai
1436 2646 1589 2737 FurniS,
1613 2671 1712 2722 anno
1737 2646 1846 2722 1175.
1870 2645 2060 2748 Philippus
2082 2644 2189 2721 Alsa-

661 2774 736 2851 tius
767 2772 870 2850 dedit
900 2775 1008 2850 nobis
1050 2774 1122 2850 100
1155 2773 1290 2851 solidos
1323 2798 1445 2849 annue
1474 2774 1524 2850 ad
1554 2774 1652 2852 diem
1686 2773 1953 2877 purificationis
1981 2777 2023 2852 B.
2054 2775 2104 2852 Μ.
2142 2772 2189 2848 de

663 2903 815 2979 Telouio
844 2903 883 2978 in
912 2907 1077 2999 Perona,
1108 2928 1207 2979 anno
1232 2902 1381 2979 Domini
1407 2901 1516 2977 1177.

713 3027 779 3104 llic
796 3027 1057 3104 verosimiliter
1075 3025 1168 3104 obiit
1187 3052 1287 3136 anno
1315 3028 1425 3124 1180,
1444 3038 1485 3106 ut
1506 3028 1753 3130 fragmentum
1771 3029 1946 3131 epitaphii
1963 3029 2073 3106 docet
2089 3028 2189 3130 quod

663 3166 720 3231 est
746 3154 975 3231 huiusmodi:

941 3351 1089 3431 Portam,
1115 3349 1299 3440 pistrinum,
1326 3349 1482 3420 stabulum
1507 3374 1629 3444 quoque
1652 3353 1725 3424 lecit
1750 3356 1915 3447 equinum:

961 3475 1066 3562 Atque
1090 3470 1203 3539 molam
1226 3471 1362 3563 pariter,
1388 3481 1461 3540 aute
1485 3470 1587 3554 fores,
1613 3482 1646 3543 et
1668 3471 1749 3544 iteri

920 3593 1031 3658 Annus
1055 3591 1198 3658 millenus
1214 3629 1260 3643 -
1274 3590 1322 3659 bis
1347 3591 1450 3658 novies
1476 3613 1598 3683 quoque
1622 3593 1737 3662 denus:
1757 3594 1950 3684 -(1180).

965 3710 1027 3794 Qui
1052 3713 1231 3779 construxit
1253 3731 1333 3803 opus
1356 3732 1419 3801 quo
1445 3733 1499 3780 sua
1524 3713 1559 3780 ht
1583 3733 1655 3780 earo
1679 3733 1750 3802 pus.
1827 3805 1828 3808 Ἴ

717 3986 898 4063 Successit
936 3987 970 4063 ei
1006 3988 1052 4064 D.
1091 3987 1287 4064 Anselmus
1327 3989 1366 4063 in
1408 3989 1665 4090 praepositura.
1706 3993 1761 4067 De
1802 4017 1847 4069 eo
1887 3990 1929 4068 fit
1971 3991 2110 4069 mentio
2153 3991 2192 4066 in

667 4113 928 4191 donationibus
956 4113 1060 4191 lactis
1091 4115 1254 4192 ecclcsiae
1280 4116 1429 4210 boensi,
1463 4117 1531 4192 sie:
1559 4143 1684 4196 coram
1709 4120 1932 4199 subtitulatis
1956 4121 2112 4199 testibus
2142 4163 2192 4179 -

666 4241 841 4319 Anselmo
868 4244 1067 4345 praeposito
1092 4244 1140 4322 dc
1165 4246 1354 4323 Euersam.
1374 4247 1574 4324 -Actum
1597 4261 1653 4326 est
1677 4251 1748 4328 hoc
1770 4278 1868 4329 anno
1896 4252 2005 4330 1181.

718 4367 786 4444 llic
814 4370 926 4447 Lucio
956 4373 1026 4447 PP.
1060 4372 1111 4447 111
1140 4370 1180 4446 in
1212 4372 1481 4473 protectionem
1510 4376 1643 4456 obtulit
1678 4380 1802 4458 omnia
1830 4380 1930 4460 bona
1959 4380 2190 4476 monasterii,

669 4506 706 4572 et
735 4497 766 4573 is
796 4501 974 4601 suscepit,
1007 4500 1054 4578 de
1085 4499 1219 4604 quibus
1248 4501 1385 4580 bullam
1417 4504 1520 4580 dedit
1549 4505 1588 4581 in
1616 4532 1689 4609 qua
1715 4509 1840 4612 magni
1863 4509 2042 4612 multique
2071 4507 2195 4586 nomi·

669 4635 808 4701 nentur
835 4624 1104 4709 benefactores.
1136 4634 1280 4708 Praeter
1303 4633 1379 4711 alia
1405 4634 1445 4709 in
1470 4648 1664 4715 numerato
1693 4650 1800 4716 erant
1833 4649 1923 4716 tunc
1947 4656 2057 4717 xvru⁰
2090 4659 2195 4713 xxxa

666 4775 850 4828 mensurae
877 4764 1077 4834 terrarum.
1109 4760 1156 4834 D.
1188 4757 1377 4860 Philippus
1402 4783 1526 4838 comes
1560 4759 1797 4838 Plandrensis
1825 4760 2047 4864 approbavit
2072 4759 2193 4836 dona·

668 4876 809 4954 tionem
839 4888 1028 4957 terrarum
1054 4891 1092 4959 ct
1121 4882 1362 4963 deeimarum.
1399 4888 1445 4962 D.
1481 4887 1583 4964 Petri
1618 4888 1666 4966 de
1698 4890 1848 4987 Mesnil,
1882 4890 2017 4968 factam
2046 4886 2195 4991 capellae

667 5005 715 5084 de
749 5004 952 5086 Formelles
985 5032 1055 5111 per
1088 5034 1219 5112 preces
1255 5011 1389 5092 bellini
1423 5014 1631 5111 senescalli,
1667 5039 1711 5094 ac
1743 5013 1855 5095 etiam
1888 5012 2124 5096 confirmavit
2154 5023 2198 5092 ut
