5132 6412
656 843 705 919 20
1263 839 1567 918 CHRONICON

657 1121 735 1198 prae
755 1098 897 1174 caeteris
921 1100 1121 1199 (quantum
1146 1120 1214 1198 ago
1240 1096 1433 1199 perspexi)
1450 1095 1489 1171 in
1506 1094 1728 1174 annotandis
1744 1095 1957 1199 diligentior
1980 1095 2048 1173 luit
2070 1095 2183 1172 rebus

657 1227 883 1302 monasterii.
904 1227 1038 1329 Magno
1055 1224 1189 1303 luimus
1206 1223 1326 1302 affecti
1350 1222 1487 1303 damno
1504 1227 1544 1303 in
1566 1227 1679 1323 arvis,
1698 1227 1812 1304 fluvio
1834 1225 2114 1319 declinioribus,
2134 1224 2183 1301 ob

657 1355 906 1433 intromissam
931 1356 980 1434 ab
1009 1354 1225 1458 iprensibus
1254 1354 1396 1431 Zeltam
1425 1354 1465 1430 in
1494 1354 1645 1450 fluvios,
1677 1380 1776 1432 anno
1808 1354 1904 1431 root
1933 1354 2016 1457 plus
2044 1353 2180 1430 minus

704 1551 751 1624 Ι).
782 1546 896 1625 abbas
922 1549 960 1624 S.
986 1548 1126 1625 Nicolai
1156 1546 1358 1624 Furnensis
1386 1559 1543 1625 testatur
1566 1547 1702 1626 vidisse
1731 1571 1770 1625 se
1793 1548 1971 1651 scriptum
1996 1557 2033 1623 et
2057 1546 2182 1622 datum

656 1701 679 1752 a
705 1675 993 1778 Poperingbano
1019 1686 1149 1753 senatu
1175 1676 1222 1753 de
1250 1672 1345 1753 tito
1365 1675 1481 1778 virgis
1501 1688 1689 1754 terrarum
1714 1679 1753 1755 in
1781 1678 1979 1781 Hogstadc,
2005 1688 2184 1779 utsupra

656 1805 707 1882 tt
726 1804 821 1907 julii.

705 1935 996 2039 Burgimagister
1017 1947 1055 2012 ct
1082 1946 1231 2012 senatus
1261 1933 1535 2036 Popcringbani
1566 1935 1651 2037 quia
1674 1934 1880 2012 effoderant
1900 1934 2045 2013 alveum
2066 1934 2184 2012 veteri

657 2064 817 2142 Vleterae
842 2064 889 2140 ab
916 2063 1103 2142 Heetbeka
1127 2089 1245 2166 usque
1268 2067 1408 2142 Isaram
1437 2064 1674 2157 deducendo,
1702 2089 1748 2140 ex
1774 2064 1909 2140 nostris
1934 2065 2034 2142 arvis
2055 2061 2183 2139 reddi·

656 2192 794 2268 derunt
823 2218 893 2294 pro
924 2193 1205 2296 quadringentis
1231 2205 1269 2270 et
1297 2192 1553 2271 novemdecim
1586 2193 1754 2294 perticis,
1782 2193 1879 2268 llll
1907 2193 1945 2269 in
1976 2190 2184 2294 Hoogstade

657 2320 759 2415 sitas,
784 2332 900 2397 emtas
925 2346 948 2396 a
972 2323 1018 2396 Ι).
1038 2321 1220 2399 Guilelmo
1246 2323 1294 2398 de
1320 2321 1479 2418 stavela,
1503 2331 1781 2399 auctoramento
1808 2319 1982 2396 Ludoviei
2008 2317 2179 2413 Maleani,

657 2447 800 2525 comitis
825 2446 1082 2542 FlandrensiS,
1112 2449 1198 2526 dato
1225 2475 1289 2526 xix
1316 2448 1461 2550 aprilis,
1490 2449 1678 2546 Gandavi,
1707 2475 1747 2525 u.
1772 2473 1853 2526 ccc.
1884 2474 1983 2526 nxrx.

708 2641 811 2719 Idem
849 2641 1072 2720 Wilbelmus
1109 2668 1183 2720 van
1222 2611 1387 2740 Stavele,
1424 2643 1510 2720 dato
1551 2645 1712 2746 desuper
1743 2643 1881 2745 scripto
1915 2640 2114 2722 vernaculo
2148 2652 2183 2716 et

660 2768 790 2846 subtus
816 2769 952 2871 sigillo,
980 2770 1116 2847 latetur
1141 2770 1232 2848 nihil
1254 2772 1345 2847 iuris
1367 2796 1406 2849 se
1424 2772 1561 2850 babere
1584 2773 1682 2848 inter
1699 2770 1835 2848 slusam
1851 2770 2131 2848 meridionalem
2148 2779 2185 2844 et

658 2895 886 2973 Heetbekam
920 2898 959 2974 in
993 2922 1121 3000 agros,
1153 2900 1398 3002 aqueductuS,
1428 2899 1635 3004 fundosque
1669 2903 1774 2998 sitos,
1811 2901 1878 2978 sed
1911 2901 2100 3003 pertinere
2137 2897 2184 2974 ad

659 3025 850 3104 ecclesiam
875 3027 1199 3124 Eversamensem,
1227 3054 1325 3106 anno
1352 3055 1392 3106 u.
1421 3054 1501 3106 ccc.
1531 3056 1617 3108 axx.

707 3156 847 3232 Domus
876 3157 1150 3234 Eversamensis
1179 3157 1330 3235 fortuite
1359 3159 1528 3261 flagravit
1562 3159 1734 3236 incendio
1762 3184 1847 3236 eum
1875 3157 2043 3259 plurimis
2071 3156 2184 3232 rebus

659 3296 697 3362 et
729 3285 875 3388 scriptis
908 3311 951 3362 ae
980 3285 1201 3389 privilegiis,
1234 3298 1276 3364 ut
1304 3287 1486 3366 constabit
1515 3313 1561 3366 ex
1591 3289 1688 3365 inira
1717 3287 1841 3365 oblato
1871 3287 1994 3363 libello
2029 3285 2183 3389 supplici

660 3410 812 3490 domino
838 3414 1093 3493 Dixmudensi.

708 3542 755 3617 D.
783 3540 967 3619 Mattheus
990 3543 1039 3618 de
1061 3543 1187 3620 Moere
1212 3570 1296 3623 eum
1321 3546 1495 3649 Gyselino
1525 3545 1725 3626 Kerkbove
1750 3556 1788 3621 et
1813 3543 1994 3623 Guilelmo
2023 3544 2070 3620 de
2100 3543 2184 3618 Sta-

660 3665 760 3762 vele,
788 3679 825 3743 et
851 3671 898 3745 D.
920 3668 1090 3773 Philippo
1110 3673 1159 3748 dc
1178 3672 1292 3751 Viscb
1312 3674 1479 3751 interluit
1498 3674 1714 3777 wateringis
1741 3676 1891 3752 nomine
1916 3676 1962 3751 D.
1995 3671 2182 3776 praepositi

661 3796 799 3890 nostri,
828 3797 974 3874 eodem.
2013 3887 2015 3893 Ι

711 3925 756 3998 Ι).
777 3924 995 4026 praepositus
1012 3936 1051 4002 et
1066 3939 1270 4006 conventus
1291 3939 1419 4007 noster
1444 3931 1553 4010 offert
1570 3932 1722 4011 domino
1740 3934 1787 4009 de
1804 3932 1988 4009 Dixmuda
2005 3931 2183 4032 scriptum

662 4077 774 4156 super
795 4055 921 4132 datum
939 4055 1192 4134 immunitatis.
1213 4058 1279 4133 Cui
1297 4058 1417 4135 dietus
1434 4059 1605 4138 dominus
1629 4061 1883 4161 respondit-
1901 4059 2087 4163 quomodo
2105 4057 2184 4134 eius

661 4193 872 4259 antecessor
896 4182 1059 4261 dedisset
1084 4185 1288 4264 litteras-
1304 4186 1472 4290 loquellas
1500 4199 1534 4264 ct
1550 4190 1723 4292 pmoilepe
1746 4193 1874 4292 forent
1895 4215 1995 4266 arses
2017 4198 2052 4264 ct
2065 4189 2185 4290 perdes

657 4337 732 4413 por
756 4313 820 4412 feu
848 4311 891 4386 dc
915 4314 1073 4415 mcccief,
1104 4317 1170 4418 qui
1201 4318 1500 4395 attententur
1531 4319 1635 4422 cytiso
1665 4329 1700 4395 et
1724 4323 1867 4396 maison
1895 4319 2126 4410 d'b'oersam,
2156 4315 2187 4392 a

662 4440 743 4516 leur
770 4441 939 4518 demeare
963 4469 1017 4519 on
1038 4447 1151 4546 copie,
1178 4471 1226 4522 ou
1253 4445 1412 4524 vidimus
1428 4492 1479 4508 -
1494 4450 1654 4553 denique
1680 4450 1851 4526 concedit
1875 4448 2027 4552 quidem
2051 4434 2118 4525 sed
2135 4489 2185 4504 -

662 4595 730 4670 que
750 4569 780 4643 le
805 4570 859 4644 dit
880 4570 1048 4672 reb'pieus
1072 4583 1195 4649 seroat
1212 4577 1393 4676 tousjoure
1418 4585 1503 4652 tenu
1525 4576 1566 4652 de
1588 4577 1666 4652 dire
1685 4603 1758 4652 une
1781 4603 1893 4654 messe
1918 4576 1969 4653 du
1990 4575 2030 4652 S.
2055 4576 2189 4676 Esprdt

662 4695 819 4777 musena
853 4722 904 4772 cn
937 4695 968 4770 le
1006 4698 1024 4772 l
1065 4699 1175 4774 avril:
1210 4744 1260 4758 -
1294 4711 1327 4774 et
1362 4729 1468 4805 apres
1500 4715 1620 4781 nostre
1654 4704 1750 4782 decas
1783 4706 1813 4782 a
1849 4705 1972 4782 dinoot
2007 4703 2056 4782 dc
2089 4705 2182 4804 Req.

661 4824 814 4928 Vigilias
838 4837 875 4903 et
896 4826 1254 4906 commendationes.
1282 4873 1331 4888 -
1357 4830 1390 4905 Α
1415 4831 1538 4909 Dixm.
1565 4857 1643 4910 xvn
1668 4858 1752 4935 apr.
1779 4858 1821 4911 u.
1848 4857 1927 4910 ccc.
1958 4857 2058 4910 nxm.

710 4955 889 5034 Dominus
909 4955 1127 5057 praepositus
1148 4959 1279 5034 Petrus
1301 4982 1385 5034 cum
1412 4968 1490 5035 toto
1513 4972 1699 5040 conventu
1722 4961 1980 5042 Euersamensi
2003 4959 2184 5040 concessit
