5088 6418
664 931 712 1005 51
1275 920 1582 1000 canonicor

665 1182 855 1262 memoris:
887 1183 934 1260 D.
967 1180 1166 1277 Quintinus
1193 1192 1265 1260 etc.
1300 1179 1446 1258 curavit
1478 1181 1600 1286 aliqua
1632 1191 1851 1262 ornamenta
1884 1179 2047 1260 eeclesiae
2082 1179 2193 1259 simui

667 1325 706 1394 et
725 1315 833 1417 caepit
848 1322 997 1417 portam
1013 1311 1217 1414 aquariam.
1237 1311 1407 1412 Denique
1429 1304 1635 1386 honorifice
1660 1308 1709 1386 de
1732 1333 1792 1404 55,
1810 1306 1932 1409 deque
1958 1305 2034 1384 suis
2061 1305 2194 1409 loque·

667 1443 778 1520 batur
802 1467 846 1520 ac
870 1439 1017 1544 scripsit
1041 1463 1110 1542 per
1135 1438 1283 1516 titufnm
1307 1432 1604 1514 convenientem.

716 1566 898 1646 Successit
931 1566 979 1642 D.
1014 1565 1197 1668 Rogerius
1229 1563 1337 1641 'frier
1370 1572 1480 1640 antea
1511 1558 1698 1654 cellarius,
1734 1558 1822 1636 inde
1857 1567 2004 1660 pastor,
2040 1559 2192 1636 tandem

667 1693 845 1770 decanus:
871 1691 1009 1771 clectus
1025 1689 1192 1768 unanimi
1210 1688 1389 1784 omnium,
1412 1695 1501 1765 voto
1521 1686 1581 1765 cui
1604 1689 1649 1765 D.
1670 1687 1833 1764 loannes
1853 1711 1876 1762 a
1896 1688 1971 1764 Loo
1992 1685 2191 1788 presbiter,

667 1817 738 1894 hoc
774 1842 874 1895 5555
910 1817 1005 1894 15515
1039 1822 1230 1920 poemate,
1269 1811 1545 1918 congratulatus
1589 1825 1665 1910 551,
1701 1813 1802 1916 quod
1838 1811 1891 1889 sic
1926 1811 2071 1914 incipit:
2110 1813 2192 1889 1155

668 1946 821 2049 opedam
845 1971 962 2026 marce
985 1989 1035 2006 -
1063 2002 1236 2023 ......
1264 1969 1350 2020 cum
1375 1943 1446 2019 hoc
1472 1941 1606 2018 chron:
2207 1955 2208 1960 ‘

964 2171 1074 2248 511555
1097 2169 1258 2237 GaLerr
1281 2167 1367 2238 mVr
1388 2188 1510 2238 aosrno
1534 2187 1698 2240 55555155
1719 2172 1838 2241 551555

966 2290 1155 2360 Corerarr
1179 2290 1279 2360 nUuC
1303 2291 1398 2359 55515
1423 2291 1514 2361 Lux
1538 2292 1611 2362 rUa
1633 2293 1865 2362 rarroslrUff.

668 2605 833 2680 Primum
859 2603 1024 2706 aquagiis
1053 2603 1238 2697 interfuit,
1265 2613 1304 2682 51
1328 2601 1544 2703 repetundis
1574 2602 1821 2708 subsignavit,
1850 2603 1887 2682 15
1910 2602 1978 2706 juf.
2014 2604 2123 2682 1555.
2157 2605 2192 2679 15

669 2733 792 2813 oblato
817 2733 940 2813 libello
966 2734 1121 2837 supplici
1138 2735 1285 2813 vicariis
1300 2732 1464 2814 ecclesiae
1480 2729 1715 2824 Morinensis,
1735 2729 1894 2807 obtinuit
1914 2728 2194 2830 abrogationem

670 2884 822 2960 precum
856 2857 1121 2954 institutarum,
1156 2883 1203 2937 ex
1239 2859 1363 2938 animo
1394 2875 1433 2939 51
1461 2862 1567 2939 libitu
1599 2862 1804 2964 praepositi,
1835 2887 1917 2964 quae
1948 2873 2055 2938 erant
2083 2860 2191 2939 valde

669 3009 802 3086 graves
828 2995 866 3061 et
889 2984 1084 3063 taediorum
1110 2986 1241 3088 plenae.
1270 2989 1380 3066 Α555
1407 2989 1524 3083 1555,
1550 2989 1574 3064 5
1599 2985 1821 3064 decembrio.

717 3113 903 3216 Denique,
934 3126 978 3192 ut
1005 3115 1139 3193 breves
1171 3129 1258 3194 sunt
1291 3119 1370 3194 dies
1403 3116 1575 3213 honoris,
1610 3117 1656 3195 D.
1689 3116 1870 3218 Rogerius
1904 3116 1994 3192 dum
2024 3115 2193 3218 gnaviter

669 3241 829 3319 intendit
844 3255 924 3320 tum
949 3244 1182 3348 reparandis,
1199 3256 1279 3322 tum
1299 3223 1499 3322 efficiendis
1520 3239 1633 3318 rebus
1649 3239 1877 3334 monasterii,
1897 3237 2049 3340 inopina
2073 3247 2193 3312 morte

669 3365 868 3445 suffuratus
893 3368 986 3446 obiit
1010 3368 1071 3446 die
1096 3367 1145 3445 16
1170 3370 1271 3463 maii,
1297 3394 1396 3448 anno
1424 3369 1532 3449 1557.
1563 3368 1629 3445 1115
1653 3367 1803 3470 quidem
1833 3391 1918 3444 5555
1948 3367 2128 3443 decanum
2155 3375 2193 3439 et

669 3491 857 3570 cellarium
887 3520 971 3572 eum
1004 3494 1083 3572 aliis
1114 3495 1163 3570 ad
1193 3507 1301 3597 pacta
1330 3497 1504 3593 vocabat,
1541 3497 1608 3573 sed
1637 3497 1716 3574 sine
1748 3496 1911 3572 nomine.
1947 3493 2054 3569 Unde
2081 3489 2124 3567 fit
2152 3503 2194 3567 ut

670 3617 840 3718 quisnam
883 3618 1046 3696 decanus
1087 3618 1219 3712 fuerit,
1265 3621 1360 3699 scire
1401 3649 1644 3727 nequeamus:
1685 3624 1882 3726 opinamur
1920 3633 2044 3697 tamen
2082 3620 2193 3695 fuisse

670 3743 716 3820 D.
744 3741 922 3820 Jacobam
944 3767 1018 3819 van
1044 3742 1118 3818 der
1147 3742 1258 3820 Beke.

719 3870 872 3948 Curavit
888 3869 968 3948 fieri
986 3871 1191 3949 holoserica
1208 3874 1325 3952 rubea
1346 3877 1564 3953 indumenta
1579 3883 1658 3950 tum
1674 3872 1814 3965 altaris,
1838 3882 1918 3948 tum
1939 3867 2195 3944 ministrorum

672 4000 855 4101 ejusdem,
882 3998 1038 4076 multum
1070 4001 1249 4102 pretiosa,
1283 4016 1324 4080 ut
1354 4029 1401 4083 ex
1429 4027 1529 4080 anno
1560 4003 1655 4083 1556
1685 4013 1841 4081 constat.
1872 4004 2022 4078 Portam
2048 4022 2197 4100 quoque

670 4126 878 4226 aquariam,
920 4127 958 4201 15
994 4151 1067 4230 qua
1104 4151 1268 4224 sursum,
1305 4130 1384 4208 eius
1419 4130 1576 4232 insignia
1608 4131 1802 4227 videntur,
1837 4127 1998 4222 curavit,
2033 4125 2196 4227 itemque

670 4256 849 4333 fenestras
878 4259 916 4333 15
947 4257 1144 4336 5515515515
1174 4271 1303 4337 555155
1332 4260 1447 4364 15515,
1473 4261 1513 4336 15
1543 4257 1676 4361 quibus
1705 4259 1816 4336 etiam
1843 4256 1973 4333 eadem
2003 4253 2193 4346 videntur,

670 4413 753 4462 cum
780 4385 851 4464 hoc
875 4387 975 4464 dicto
1002 4411 1090 4475 oorn
1117 4393 1349 4465 anrnrnuau?
1374 4384 1463 4464 alibi
1489 4385 1601 4464 etiam
1626 4383 1870 4462 advertimus.

719 4513 871 4591 Eodem.
901 4515 1125 4593 Substitutus
1154 4528 1210 4593 est
1236 4516 1270 4592 51
1296 4518 1444 4618 juvenis
1475 4515 1659 4594 saecularis
1688 4527 1726 4591 51
1755 4512 1974 4616 praepositus
2004 4531 2195 4585 commen-

669 4642 849 4737 datarius,
882 4644 948 4719 sed
974 4644 1054 4720 sine
1083 4643 1211 4722 habitu
1235 4657 1273 4722 et
1303 4643 1533 4748 professione
1558 4641 1665 4717 brevi
1695 4639 1912 4742 dignitatem
1943 4660 2025 4712 curn
2057 4631 2196 4708 mundo

669 4767 831 4869 reliquit.
868 4771 1008 4848 Eodem
1044 4796 1142 4849 anno
1180 4773 1345 4874 sepultus
1383 4783 1440 4848 est
1473 4772 1513 4846 in
1546 4781 1676 4848 nostro
1708 4768 1847 4870 templo
1887 4790 1972 4842 eum
2010 4762 2197 4866 epitaphio

669 4895 773 4970 cuius
800 4921 936 4973 nomen
963 4909 1044 4972 erat
1068 4898 1230 4975 1555555
1255 4900 1378 5001 Nigri:
1410 4898 1550 4976 dictum
1576 4910 1715 4976 autem:
1736 4894 1967 4972 -Candida
1992 4893 2040 4969 de
2066 4891 2196 4994 nigris.

670 5020 793 5100 Pulvis
820 5023 858 5098 15
885 5023 967 5101 hoc.
992 5081 1035 5104 ..
