5088 6418
912 917 1335 995 avaasflnmansa.
1850 919 1898 996 ld

427 1173 580 1251 Eodem.
607 1175 716 1250 Parta
737 1199 885 1276 quoque
908 1174 1086 1253 divinitus
1105 1172 1259 1253 victoria
1281 1175 1376 1251 duee
1397 1173 1529 1251 Carolo
1552 1176 1753 1278 Buequoyo
1769 1176 1898 1253 Attre-

377 1299 464 1376 bato
491 1311 622 1377 eontra
646 1299 886 1378 Frederioum
910 1301 1134 1398 Palatinum,
1162 1312 1389 1405 caeterosque
1415 1301 1577 1380 fautores
1603 1304 1643 1380 in
1668 1304 1795 1381 Germ.

430 1430 538 1508 luat.
571 1432 704 1535 Caeptae
733 1442 771 1508 et
797 1430 971 1532 perlectae
999 1440 1088 1509 sunt
1115 1429 1258 1508 latrinae
1286 1429 1556 1532 religiosorum.
1589 1433 1755 1534 Itemque
1789 1431 1898 1511 allata

378 1558 506 1636 sedilia
528 1561 649 1652 chori,
672 1560 815 1663 aliaque
836 1560 966 1663 templi
989 1561 1067 1639 sive
1088 1558 1210 1637 sacelli
1232 1558 1350 1635 nostri
1371 1570 1602 1637 ornamenta.
1625 1562 1714 1638 Erat
1735 1572 1814 1638 tum
1837 1561 1898 1639 hie

376 1691 482 1766 simia
500 1715 582 1791 quae
598 1689 837 1768 aversabatur
854 1689 1084 1769 semininium
1102 1713 1245 1782 sexum,
1264 1685 1370 1762 nobis
1383 1695 1507 1764 tamen
1523 1699 1562 1765 et
1577 1689 1702 1789 pueris
1718 1689 1892 1792 benigna.

378 1821 466 1894 Eam
493 1830 578 1921 post
603 1816 732 1894 habuit
757 1820 803 1893 D.
833 1818 1052 1920 praepositus
1076 1816 1383 1894 Vormezelensis.

428 1948 537 2024 luat.
566 1949 743 2048 Princeps
767 1960 896 2025 noster
924 1947 1203 2050 cognominatus
1228 1957 1267 2023 et
1287 1971 1378 2025 vere
1400 1947 1485 2024 Pius
1510 1948 1695 2025 advitam
1722 1950 1895 2028 transivit

377 2074 585 2173 meliorem,
615 2075 662 2150 la
682 2073 784 2175 julii;
810 2077 850 2153 in
875 2076 913 2152 S.
942 2076 1097 2154 Gudulae
1120 2075 1319 2173 Bruxellis,
1346 2075 1509 2178 sepultus
1530 2079 1636 2178 juxta
1661 2077 1732 2153 hoc
1758 2077 1890 2156 chron.

756 2290 930 2360 nLanans
952 2291 1035 2359 rlUs
1059 2291 1174 2362 aaLall
1200 2290 1371 2358 DoMans
1395 2292 1502 2361 oallr.

423 2567 561 2643 Eodem
590 2593 690 2647 anno
722 2570 815 2648 obiit
844 2594 1009 2648 summus
1039 2571 1204 2674 pontifex
1233 2570 1366 2649 Paulus
1395 2573 1447 2668 V,
1480 2583 1518 2649 et
1546 2599 1614 2650 rex
1647 2586 1774 2652 noster
1803 2575 1893 2651 Phi-

374 2693 495 2796 lippus
520 2697 664 2774 tertius

421 2824 574 2901 Eodem.
595 2827 816 2928 Praepositus
838 2840 964 2905 noster
987 2827 1239 2906 reconciliavit
1260 2829 1508 2906 caemeterium
1526 2840 1708 2924 nostrum,
1728 2831 1890 2932 primum

372 2952 549 3032 ambitum
567 2967 605 3033 et
620 2956 771 3034 hortum
788 2959 1065 3054 intermedium,
1079 2971 1117 3037 et
1128 2959 1296 3036 similiter
1308 2957 1495 3054 sacellum,
1516 2958 1623 3035 nobis
1640 2959 1888 3059 presentibus,

372 3083 411 3157 in
440 3085 597 3160 octobri.
663 3173 665 3180 s

421 3214 530 3290 laea.
545 3216 684 3293 Domus
702 3215 879 3294 aedilicata
893 3242 975 3319 quoe
988 3216 1122 3294 dicitur
1136 3215 1341 3292 infirmaria
1353 3237 1484 3291 versus
1501 3215 1696 3308 orientem,
1711 3214 1751 3289 in
1763 3213 1885 3314 aprili.

414 3341 567 3417 Eodem.
604 3343 706 3420 Bona
743 3343 1034 3420 domina-mater
1071 3369 1152 3420 mea
1185 3343 1324 3444 (solent
1361 3367 1522 3444 namque
1560 3340 1712 3418 Flandri
1750 3353 1888 3418 matres

367 3471 568 3548 sacerdotis
584 3499 719 3552 vocare
736 3475 905 3551 dominas
923 3471 1233 3578 [oram-moedus]
1251 3471 1355 3574 quasi
1371 3470 1759 3562 mulierem-matrem,
1778 3469 1885 3546 sicuti

366 3597 532 3677 Christus
549 3601 747 3703 appellavit
765 3628 869 3680 suam
891 3615 1049 3682 matrem
1071 3603 1283 3699 mulierem)
1305 3599 1493 3678 loannes*
1510 3598 1610 3676 Petri
1628 3599 1884 3702 Horneweghe

366 3726 470 3802 obiit·
483 3729 521 3804 in
547 3731 724 3827 Domino,
751 3734 767 3807 l
798 3733 905 3827 maii,
934 3734 1014 3835 ipso
1042 3730 1278 3810 Ascensionis
1303 3727 1451 3805 Domini
1474 3726 1585 3804 sesto:
1611 3725 1669 3804 eui
1694 3750 1885 3828 nunquam

366 3879 447 3929 sum
478 3857 669 3935 solvendo.

413 3983 564 4062 Eodem.
585 3987 777 4065 Admissus
798 3999 853 4064 est
870 3987 939 4067 sub
957 3989 1143 4068 nonnullis
1165 3987 1438 4066 conditionibus
1461 3987 1613 4064 Hieron.
1639 3986 1745 4063 [aber
1768 3985 1887 4087 ligna-

363 4113 455 4206 rius,
475 4113 696 4210 Barbam-ue,
721 4115 848 4213 laicus,
870 4117 908 4194 in
935 4117 1102 4196 saeculari
1118 4117 1265 4213 habitu,
1290 4117 1370 4193 sine
1385 4115 1482 4193 votis
1505 4115 1799 4217 inperpetuum,
1821 4113 1883 4216 qui

364 4238 544 4317 industrie
571 4241 720 4339 domos,
746 4243 1006 4322 dormitorium
1033 4258 1072 4322 et
1096 4247 1275 4347 templum
1298 4245 1504 4323 fabricavit.

413 4368 522 4444 1622.
552 4371 682 4448 lnvisit
715 4397 801 4467 nos,
839 4385 881 4449 ut
912 4373 1001 4451 alias
1035 4398 1151 4476 saepe,
1183 4376 1230 4452 D.
1264 4371 1378 4451 abbas
1412 4374 1451 4449 S.
1483 4372 1646 4464 Bertini,
1684 4368 1884 4448 Guilelmus

362 4496 579 4592 Loemelius‚
607 4510 735 4600 gratus
752 4498 887 4602 hospes
912 4513 1041 4579 nostro
1059 4503 1273 4604 praeposito,
1294 4501 1359 4604 qui
1377 4501 1501 4603 paullo
1524 4511 1609 4603 post
1633 4501 1754 4578 subito
1781 4500 1884 4578 obiit.

408 4627 561 4703 Eodem.
581 4627 844 4707 consecratum
869 4631 958 4708 item
983 4629 1099 4706 altare
1121 4628 1280 4708 sacelluli
1306 4629 1425 4706 nostri
1446 4628 1485 4703 in
1508 4627 1597 4705 hon.
1628 4629 1667 4704 S.
1689 4628 1884 4730 Augustini

360 4753 721 4833 ereverendissimo
751 4756 904 4835 domino
935 4758 1131 4862 episcopo,
1163 4759 1228 4860 qui
1257 4757 1317 4836 hio
1345 4760 1455 4837 etiam
1485 4758 1588 4835 dedit
1615 4769 1885 4836 sacramentum

361 4879 668 4964 confirmationis,

407 5010 559 5088 Eodem.
589 5012 713 5119 lpram
730 5013 796 5092 ivit
823 5017 869 5092 D.
897 5016 1117 5124 prepositus
1147 5041 1229 5092 amn
1260 5016 1449 5119 capellano
1480 5043 1547 5094 suo
1573 5028 1612 5094 et
1636 5044 1697 5094 me
1727 5017 1773 5092 ad
1798 5017 1893 5094 bea-
