5132 6412
907 861 1247 939 EVERSHAMEN
1255 859 1328 935 SE.
1831 851 1875 927 tl

358 1123 404 1197 D.
419 1120 590 1200 Waltero
616 1118 740 1195 abbati
766 1119 812 1196 de
839 1112 973 1215 bunia,
1007 1117 1125 1220 spatia
1152 1116 1224 1192 100
1252 1130 1434 1196 metarum
1459 1117 1528 1193 sub
1558 1115 1722 1193 dominio
1751 1125 1880 1191 nostro

358 1248 566 1351 temporali,
585 1273 670 1325 eum
695 1272 810 1323 onere
826 1246 1003 1343 censuali,
1027 1246 1198 1322 videlicet
1219 1243 1382 1348 qualibet
1399 1269 1574 1320 mensure
1596 1243 1749 1345 singulis
1772 1241 1880 1318 annis

358 1389 436 1454 tres
464 1376 601 1454 solidos
629 1375 760 1477 parisis
789 1386 827 1452 et
855 1400 971 1452 unum
1000 1374 1141 1476 pullum
1169 1419 1219 1434 --
1247 1386 1361 1479 prout
1394 1386 1523 1453 notum
1553 1374 1740 1475 estquod
1772 1372 1880 1454 dicte

358 1517 469 1584 terrae
491 1504 598 1582 nobis
626 1513 814 1580 tenentur.
844 1504 1050 1606 Acceperat
1074 1516 1198 1582 autem
1217 1511 1274 1606 (et
1302 1505 1342 1610 iu
1367 1505 1499 1582 litteris
1525 1502 1600 1579 suis
1629 1501 1880 1604 recognoscit)

356 1634 533 1711 ducentas
552 1630 665 1706 libras
686 1629 926 1732 parisienses,
949 1644 1106 1710 monetae
1129 1633 1350 1731 Flandricae,
1370 1634 1411 1710 in
1435 1659 1569 1738 magna
1594 1645 1722 1711 nostra
1748 1655 1879 1708 neees-

357 1763 481 1855 sitate‚
512 1770 550 1837 et
581 1759 621 1835 in
651 1759 861 1836 evidentem
895 1760 1089 1839 utilitatem
1124 1775 1291 1840 nostram
1324 1773 1362 1840 et
1390 1762 1551 1839 eeclesiae
1581 1771 1720 1856 nostrae
1749 1805 1799 1819 -
1828 1760 1880 1835 ita

356 1887 537 1989 incipiunt
561 1886 707 1962 litterae:
741 1888 925 1966 universis
950 1902 1152 1992 praesentes
1180 1890 1321 1969 litteras
1342 1891 1563 1994 inspecturis
1589 1890 1704 1967 lrater
1727 1892 1876 1984 Petrus,

354 2017 596 2119 permissione
612 2016 753 2112 divina,
774 2018 995 2119 prepositus
1012 2019 1227 2097 monasterii
1242 2021 1285 2096 B.
1305 2018 1405 2098 Petri
1422 2029 1460 2096 et
1471 2018 1623 2097 Vedasti
1640 2018 1688 2094 de
1701 2018 1877 2095 Eversum

352 2189 402 2202 -
426 2155 599 2247 totusque
628 2155 833 2221 conventus
863 2145 1028 2222 eiusdem
1055 2146 1139 2223 loei.
1167 2191 1217 2206 -
1242 2150 1377 2226 Datum
1406 2172 1505 2224 anno
1533 2145 1683 2222 Domini
1720 2171 1760 2222 n.
1795 2171 1873 2222 ccc.

355 2300 459 2370 nxxr,
497 2285 592 2376 sept.
625 2273 805 2351 Dominus
841 2300 956 2378 porro
988 2276 1103 2354 abbas
1136 2277 1299 2355 loannes
1331 2275 1379 2352 de
1411 2273 1623 2353 Claravallis
1659 2273 1877 2375 praedictum

354 2410 585 2477 contractum
614 2410 653 2478 et
680 2401 940 2497 donationem,
966 2402 1054 2480 dato
1084 2405 1245 2507 desuper
1277 2406 1435 2508 scripto,
1470 2404 1655 2508 approbat
1684 2428 1794 2480 nxxv.
1832 2405 1878 2478 Et
1961 2444 1964 2453 ι

354 2555 445 2606 vero
471 2529 611 2632 lapides
631 2530 750 2606 nostri
772 2531 901 2634 templi
921 2533 1096 2611 videntur
1117 2559 1164 2611 ex
1188 2532 1379 2610 simillimis
1399 2533 1527 2612 lormis
1547 2557 1590 2610 ae
1613 2531 1811 2627 Dunensis⁷
1834 2556 1877 2606 ao

355 2658 513 2760 proinde
536 2658 634 2736 eirea
659 2657 729 2736 hoe
753 2670 899 2762 tempus
923 2662 1165 2765 reinoaeptum
1190 2664 1400 2765 opinamur.

402 2788 571 2890 Denique
591 2789 760 2867 existimo
778 2788 848 2866 hoc
869 2789 1075 2867 dominium
1092 2816 1172 2868 esse
1192 2791 1233 2868 id
1253 2790 1344 2867 iuris
1361 2788 1589 2867 deeimarum
1606 2789 1707 2890 quod
1723 2789 1879 2866 dederat

353 2917 460 2994 nobis
487 2917 673 2994 Robertus
702 2943 825 2995 eomes
859 2917 1097 2996 Flandrensis
1119 2919 1247 3022 junior
1276 2921 1315 2997 in
1344 2919 1659 2997 Goudenouwerd
1691 2928 1729 2995 et
1758 2918 1874 3012 Trist,

352 3071 451 3122 anno
480 3046 630 3122 Domini
660 3046 768 3124 1105.
806 3047 941 3125 Confer
973 3074 1058 3125 cum
1086 3049 1130 3125 iis
1163 3076 1246 3151 quae
1280 3059 1367 3125 sunt
1400 3072 1499 3124 anno
1528 3046 1676 3122 Domini
1708 3045 1803 3123 1596
1839 3057 1878 3122 et

356 3173 464 3251 stat.
496 3173 547 3249 At
581 3196 627 3248 ex
665 3173 825 3273 quadam
857 3172 958 3250 bulla
993 3176 1094 3251 Lucii
1126 3177 1197 3271 ΙΙΙ,
1232 3178 1318 3253 data
1346 3176 1497 3253 domino
1523 3175 1716 3268 Anselmo‚
1751 3172 1876 3250 abbati

352 3313 480 3379 nostro
506 3313 544 3378 et
568 3301 767 3399 fratribus,
795 3301 903 3379 aliter
928 3299 1050 3405 paullo
1076 3327 1156 3381 esse
1181 3305 1343 3383 videtur.

401 3429 581 3506 Dominus
609 3427 771 3505 decanus
804 3431 1079 3512 Eversamensis
1108 3434 1290 3538 Georgius
1323 3431 1527 3510 Slabbarde
1560 3444 1598 3510 et
1626 3435 1673 3510 D.
1705 3432 1874 3509 Andreas

353 3557 514 3635 Slavaris
539 3556 738 3634 eanonicus
762 3560 1038 3640 Eversamensis
1059 3562 1229 3640 lecerunt
1249 3560 1559 3663 permutationem
1581 3586 1665 3639 eum
1681 3563 1727 3638 D.
1746 3561 1874 3664 priore

352 3686 399 3762 de
423 3684 539 3762 Dunis
563 3685 611 3762 de
635 3707 674 3762 ar
696 3687 805 3764 metis
831 3698 869 3764 et
889 3711 940 3768 xv
955 3689 1071 3792 virgis
1095 3699 1160 3767 aut
1183 3689 1357 3792 amplior,
1379 3701 1417 3767 et
1441 3689 1544 3766 locus
1566 3701 1719 3767 vocatur
1741 3691 1875 3768 Bouts-

352 3815 484 3893 houdt:
513 3826 603 3893 tune
628 3814 784 3894 ballivus
810 3829 892 3896 erat
915 3817 1085 3896 Nicolaus
1110 3818 1334 3898 Herboordt.

348 3943 351 3947 ’
398 3944 689 4047 Burgimagister
717 3955 756 4021 et
784 3945 923 4022 scabini
953 3948 1164 4026 Furnenses
1193 3950 1331 4050 scripto
1345 3936 1427 4024 ‘suo
1458 3957 1642 4024 testantur
1671 3970 1711 4025 se
1739 3947 1875 4024 vidisse

350 4075 513 4177 integras
528 4073 669 4151 litteras
687 4075 853 4150 Dominae
873 4075 1027 4152 loannae
1049 4077 1242 4154 comitissae
1258 4074 1460 4167 Flandriae‚
1481 4075 1529 4150 de
1545 4085 1674 4152 nostra
1694 4075 1872 4169 Pisearia,

349 4227 448 4279 anno
479 4228 519 4279 u.
549 4226 630 4279 ceo.
667 4227 806 4281 nxxvn.
841 4204 928 4305 lpra
954 4203 1105 4283 obsessa
1129 4231 1229 4284 anno
1255 4205 1403 4283 Domini
1431 4204 1540 4300 1585,
1570 4230 1639 4307 per
1668 4203 1873 4305 Anglorum

350 4315 575 4410 exereitum:
619 4340 677 4408 est
717 4329 827 4408 valde
869 4330 1079 4409 verosimile
1120 4345 1291 4411 nostrum
1333 4332 1598 4409 monasterium
1639 4356 1716 4410 non
1762 4332 1874 4408 luisse

349 4463 513 4539 immune
554 4459 601 4537 ab
644 4460 840 4540 insolentia
880 4460 1044 4541 militari.
1079 4463 1268 4566 Anquisita
1313 4472 1450 4538 nostrae
1496 4461 1657 4539 ecelesiae
1701 4485 1792 4540 arva
1835 4460 1874 4536 in

349 4592 630 4695 Lampernessa‚
660 4590 770 4669 1588.

397 4719 577 4796 Mattheus
593 4719 640 4795 de
662 4721 789 4797 Moere
810 4727 939 4795 noster
954 4720 1014 4818 (ni
1030 4718 1155 4819 fauor)
1170 4718 1378 4823 religiosus,
1401 4718 1533 4795 missus
1550 4726 1607 4795 est
1623 4717 1874 4796 Aldenardam

349 4873 432 4925 rum
466 4851 513 4926 D.
545 4849 709 4928 Oliverio
741 4875 817 4927 van
853 4847 1062 4943 llelrhoute,
1099 4859 1229 4926 eontra
1265 4845 1567 4949 wateringarium
1601 4845 1650 4922 ad
1679 4846 1874 4924 concilium

347 4975 549 5073 Flandriae,
575 4977 774 5076 Bruckeri3
800 4988 1040 5082 posteaquam
1064 4989 1219 5082 egerant
1238 5001 1322 5058 suas
1344 4977 1570 5080 repetundas
1589 4975 1867 5070 Elsendammii,
